2858 5026
185 189 249 254 146
549 193 589 238 ιι.
626 187 918 240 nmmum

180 339 198 366 “
206 337 355 408 Ἀλκίνοε
376 345 497 429 κρεῖον,
521 339 654 406 πάντων
676 335 860 428 ἀριδείκετε
881 340 979 420 λαῶν,

186 439 251 530 ὥρη
274 441 334 527 μὲν
354 443 484 508 πολέων
504 441 637 526 μύθιυν,
661 438 728 528 ιῖίρη
752 440 788 506 δὲ
809 441 868 505 καί
889 437 1008 506 ύπνου·

133 572 174 613 εει
187 540 217 609 εί
240 540 273 609 δ’
296 540 342 609 ἐτ’
366 539 561 627 ἀκουέμεναί
580 565 618 607 τε
639 536 800 620 λιλαίεαι,
823 536 881 606 ούκ
904 534 944 605 ἀν
965 538 1030 607 ἐτυί
1050 563 1089 606 τε

184 644 308 712 τούτων
331 645 386 712 σοί
408 643 592 733 φθονέοιμι
614 643 670 709 καὶ
694 638 874 730 οἰκτρότερ’
897 639 966 708 ἀλλ’
988 639 1190 729 ἀτορεύσαι,

68 778 72 783 ’
184 745 276 836 κήδε’
298 747 383 833 ἐμῶν
404 745 528 836 ἑτάρων
554 741 590 813 όί
608 745 647 832 δή
669 743 879 829 μετόπισθεν
900 739 1028 825 όλοντο,

186 845 224 916 οἳ
247 847 365 936 Τρώων
385 850 444 933 μέν
465 844 673 936 ύπεξέφυτον
693 844 892 912 στονόεσσαν
913 840 1025 933 ἀυτήν,

186 948 220 1016 ἐν
241 948 345 1038 νόστῳ
368 947 401 1016 δ’
425 946 591 1016 ἀπόλοντο
613 949 714 1036 κακῆς
736 943 843 1033 ἰότητι
864 944 1028 1025 τυναικός.

133 1076 172 1116 εει
229 1048 331 1137 αὐτὰρ
354 1050 430 1118 ἐπεὶ
452 1051 561 1140 ψυχάς
581 1049 641 1134 μὲν
663 1043 864 1115 ἀπεσκέδασ’
888 1044 1023 1127 ἀλλυδις
1044 1042 1144 1136 ἀλλην

186 1149 266 1240 άτνή
287 1151 517 1241 Περσεφόνεια
536 1152 699 1216 τυναικῶν
721 1146 946 1237 θηλυτεράων,

184 1244 272 1342 ήλθε
294 1249 329 1319 δ’
351 1251 411 1318 ἐπί
433 1253 521 1340 ψυχή
547 1249 789 1334 Ἀταμέμνονος
812 1246 986 1339 Ἀτρείδαο

188 1350 359 1441 ἀχνυμένη·
382 1354 459 1440 περὶ
482 1351 514 1418 δ’
538 1347 634 1418 ἀλλαι
657 1347 848 1439 ἀτητέραθ’,
872 1349 971 1417 ὅσσαι
994 1347 1053 1435 ἀμ’
1074 1347 1165 1440 αύτῷ

186 1452 290 1542 τοίκφ
311 1452 345 1519 ἐν
366 1451 560 1520 Λίτίσθοιο
580 1451 684 1519 θάνον
705 1452 762 1518 καί
785 1451 915 1536 πότμον
936 1451 1093 1519 ἐπέσπον.

135 1583 174 1623 ωο
188 1551 268 1621 &mo
291 1550 325 1619 δ’
349 1546 431 1642 αἶψ’
455 1549 509 1637 ἔμ’
530 1552 666 1632 ἐκεῖνος,
689 1549 765 1618 ἐπεὶ
787 1549 864 1618 πίεν
886 1544 969 1637 αἷμα
990 1552 1147 1621 κελαινόν.

188 1656 281 1721 κλαῖε
303 1650 335 1720 δ’
358 1651 378 1720 ὅ
398 1680 437 1721 τε
457 1652 585 1736 λιτέως,
609 1654 752 1738 θαλερόν
773 1656 857 1720 κατά
880 1652 1019 1740 δάκρυον
1040 1651 1154 1740 είβων,

188 1758 308 1837 πιτνὰς
330 1754 377 1836 είς
398 1756 457 1841 ἐμὲ
476 1760 598 1844 χεῖρας,
623 1751 808 1844 ὀρέξασθαι
829 1753 1018 1839 μενεαίνων·

189 1854 257 1924 ἀλλ’
281 1854 319 1926 ού
340 1856 404 1947 τάρ
425 1884 482 1926 τοι
504 1854 551 1925 ἔτ)
575 1849 614 1946 ήν
634 1857 688 1936 τίς
709 1853 865 1940 ἔμπεδος,
890 1853 968 1924 ούδέ
987 1881 1023 1922 τι
1043 1859 1147 1939 κῖκυς,

190 1961 242 2048 οἵη
265 1984 328 2047 περ
351 1957 460 2047 πόρος
481 1956 574 2025 ἔσκεν
596 1957 643 2024 ἐνὶ
665 1961 866 2040 τναμπτοῖσι
887 1956 1047 2041 μέλεσσιν.

78 2064 86 2073 ’
137 2083 176 2123 εει
188 2061 244 2126 τὸν
265 2061 324 2143 μὲν
345 2059 409 2126 ἐτώ
432 2057 577 2143 δάκρυσα
596 2056 701 2123 τιδιόν
722 2056 838 2144 ἐλέησά
858 2082 896 2123 τε
916 2060 1031 2144 θυμῷ,

189 2157 248 2225 καί
267 2185 326 2243 μιν
347 2157 501 2247 φωνήσας
521 2156 626 2224 τέπεα
649 2155 828 2241 πτερόεντα
850 2157 1055 2246 προσηύδων.

184 2255 363 2346 “Ἀτρε’ί’δη
385 2248 534 2339 κύδιστε,
555 2256 659 2337 τάναξ
680 2253 805 2343 ἀνδρῶν
825 2254 1041 2343 Ἀτάμεμνον,

188 2357 240 2437 τίς
260 2358 297 2424 νύ
319 2381 357 2425 σε
377 2358 437 2446 κήρ
459 2355 628 2441 ἐδάμασσε
649 2357 838 2445 τανηλετέος
859 2360 1040 2443 θανάτοιο,·

189 2451 228 2548 ήε
250 2460 288 2527 σέ
308 2456 340 2525 τ’
364 2455 398 2526 ἐν
418 2456 530 2546 νήεσσι
551 2457 750 2524 Ποσειδάων
771 2457 969 2543 ἐδάμασσεν,

138 2586 178 2626 ωο
192 2557 290 2649 ύρσας
312 2556 478 2648 ἀρταλέων
499 2555 623 2644 ἀνέμων
645 2555 829 2646 ἀμέταρτον
851 2557 990 2649 ἀυτμήν,·

189 2655 228 2750 ἦέ
250 2658 282 2728 σ’
307 2658 462 2750 ἀνάρσιοι
484 2658 598 2747 ἀνδρες
619 2657 811 2749 ἐδηλήσαντ’
834 2660 893 2728 ἐπὶ
914 2662 1029 2751 χέρσου

189 2767 268 2846 βοῦς
289 2764 569 2852 περιταμνόμενον
588 2759 644 2850 ἧδ’
668 2760 746 2829 οἰῶν
767 2762 862 2828 πιόεα
883 2762 981 2843 καλά,

189 2862 227 2953 ήέ
249 2865 326 2950 περὶ
350 2865 492 2943 πτόλιος
512 2862 731 2948 μαχεούμενον
752 2860 811 2951 ήδέ
831 2861 1029 2946 τυναικῶν,·”

232 2957 277 3043 ὧς
298 2964 443 3053 ἐφάμην,
468 2962 488 3030 ὃ
510 2962 548 3031 δέ
567 2960 605 3049 μ’
628 2960 735 3031 αὐτίκ’
759 2962 977 3050 ἀμειβόμενος
997 2969 1219 3056 προσέτειπεν

137 3060 355 3143 ωι“διοτενὲς
376 3064 587 3154 Λαερτιάδη,
610 3064 816 3154 πολυμήχαν’
836 3063 1002 3149 Ὀδυσσεῦ,

191 3160 261 3231 ούτ’
284 3164 342 3248 ἐμέ
361 3162 393 3230 τ’
415 3164 449 3232 ἐν
470 3163 585 3253 νήεσσι
606 3166 803 3233 Ποσειδάων
824 3166 1024 3252 ἐδάμασσεν,

191 3261 290 3354 όρσας
312 3261 477 3353 ἀρταλέων
500 3262 627 3350 ἀνέμων
649 3264 830 3353 ἀμέταρτον
856 3265 992 3356 ἀυτμήν,

190 3362 265 3433 ούτε
285 3362 324 3451 μ’,
347 3362 500 3453 ἀνάρσιοι
522 3362 637 3455 ἀνδρες
658 3365 850 3456 ἐδηλήσαντ’
872 3367 931 3436 ἐπί
952 3370 1080 3461 χέρσου,

191 3464 272 3534 ἀλλά
293 3493 354 3552 μοι
375 3465 554 3547 Αίτισθος
573 3470 689 3549 τεύξας
710 3468 860 3537 θάνατόν
880 3494 916 3538 τε
936 3473 1037 3560 μόρον
1057 3499 1094 3540 τε

139 3591 179 3630 κω
193 3565 273 3635 ἔκτα
295 3569 353 3635 σύν
375 3564 530 3658 οὐλομένῃ
553 3565 677 3657 ἀλόχῳ,
699 3570 853 3639 τοικόνδε
874 3574 1049 3656 καλέσσας,

191 3668 397 3749 δειπνίσσας,
420 3667 464 3748 ὥς
485 3667 537 3748 τίς
556 3694 593 3736 τε
614 3671 788 3738 κατέκτανε
808 3675 889 3757 βοῦν
910 3673 969 3740 ἐπὶ
992 3675 1107 3764 φάτνῃ.

190 3761 235 3848 ὦς
255 3769 361 3837 θάνον
383 3767 537 3858 οἰκτίστῳ
559 3772 712 3860 θανάτῳ·
737 3772 814 3859 περὶ
838 3771 870 3840 δ’
893 3770 987 3841 ἀλλοι
1009 3772 1136 3866 ἑταῖροι

189 3870 357 3955 νωλεμέως
378 3869 542 3939 κτείνοντο
564 3872 638 3952 σύες
660 3867 706 3952 δίς
729 3870 950 3962 ἀρτιόδοντες,

191 3974 226 4039 οἳ
246 3971 287 4061 ῥά
308 3970 338 4038 τ’
361 3972 395 4039 ἐν
417 3970 555 4064 ἀφνειοῦ
578 3971 698 4061 ἀνδρός
718 3974 802 4060 μέτα
824 3977 1015 4064 δυναμένοιο

135 4066 212 4161 ιιιή
232 4072 328 4162 τάμῳ
351 4070 374 4163 ή
394 4073 498 4164 ἐράνῳ
520 4071 543 4164 ή
565 4072 716 4164 εἰλαπίνη
738 4076 908 4167 τεθαλυίη.

187 4170 249 4264 ήδη
271 4175 333 4261 μὲν
353 4175 482 4245 πολέων
503 4177 596 4266 φόνφ
620 4173 743 4267 ἀνδρῶν
765 4173 997 4268 ἀντεβόλησας,

187 4277 313 4361 μουνὰξ
333 4279 545 4364 κτεινομένων
565 4282 624 4347 καί
645 4280 694 4349 ἐνὶ
715 4281 853 4369 κρατερῇ
873 4277 1008 4371 ὑσμίνη·
