2858 5026
528 308 550 358 l.
570 304 818 357 omnm
835 303 861 354 A

142 449 260 536 αἴσχεα
281 451 381 521 πόλλ’
404 450 519 544 ὁρόων,
543 455 581 538 ός
600 484 653 539 τις
673 456 810 536 πινυτός
829 481 868 522 τε
887 447 1076 540 μετέλθοι.”

87 573 129 614 ¹³⁰
183 551 296 646 τήνδ’
318 547 360 622 αύ
386 557 573 646 Τηλέμαχος
594 559 798 645 πεπνυμένος
817 553 929 624 ἀντίον
950 548 1036 644 ηύδα

124 651 249 739 ἀξεῖν’,
272 655 348 724 ἐπεὶ
372 652 412 743 ἀρ
436 660 477 747 δή
499 659 604 726 ταῦτά
624 657 661 745 μ’
684 657 827 751 ἀνείρεαι
850 657 911 748 ήδὲ
931 656 1107 744 μεταλλᾷς,

140 758 256 844 μέλλεν
276 760 335 842 μέν
356 784 441 827 ποτε
460 767 573 841 εοῖκος
596 757 649 830 δ’δ’
672 759 808 852 ἀφνειὸς
828 759 886 828 καὶ
909 754 1046 843 ἀμύμων

141 855 292 946 έμμεναι,
316 855 391 949 ὄφρ’
414 859 465 928 ἔτι
486 869 590 943 κεῖνος
612 859 691 953 ἀνήρ
714 862 896 951 ἐπιδήμιος
917 853 987 950 ήεν·

140 961 195 1027 νῦν
217 957 250 1029 δ’
272 957 391 1052 ἑτέρως
411 961 565 1049 ἐβόλοντο
586 965 665 1034 θεοὶ
688 966 774 1032 κακά
794 961 1006 1053 μητιόωντες,

88 1083 129 1126 ιω
144 1057 181 1129 οἳ
199 1067 304 1130 κεῖνον
323 1062 384 1147 μὲν
406 1058 540 1132 άτιστον
562 1063 724 1156 ἐποίησαν
745 1065 824 1153 περὶ
845 1063 978 1131 πάντων

142 1159 341 1253 ἀνθρώπων,
364 1163 440 1233 ἐπεὶ
463 1161 501 1233 ού
522 1191 559 1234 κε
579 1165 718 1235 θανόντι
741 1191 804 1254 περ
826 1157 884 1232 ὧδ’
908 1159 1100 1251 ἀκαχοίμην,

141 1261 172 1332 εί
191 1265 277 1350 μετά
297 1271 370 1345 τοῖς
391 1262 540 1355 ἑτάροισι
562 1267 649 1358 δάμη
677 1267 797 1358 Τρώων
817 1265 865 1334 ἐνί
889 1264 983 1355 δήμῳ

141 1361 181 1454 ήέ
200 1363 307 1457 φίλων
327 1365 361 1434 ἐν
381 1366 503 1456 χερσίν,
527 1368 602 1437 ἐπεὶ
625 1366 771 1453 πόλεμον
791 1365 997 1436 τολύπευσεν.

141 1469 190 1555 τῶ
211 1465 266 1535 κέν
286 1492 342 1536 τοι
363 1467 487 1555 τύμβον
506 1469 566 1555 μέν
585 1468 748 1559 ἐποίησαν
769 1466 970 1551 Παναχαιοί,

88 1590 129 1630 ειν
143 1563 204 1658 ήδέ
224 1593 262 1635 κε
283 1570 340 1636 καὶ
361 1578 411 1659 τῷ
433 1571 535 1638 παιδί
556 1573 641 1657 μέτα
663 1569 757 1651 κλέος
776 1566 872 1659 ἤρατ’
895 1565 1036 1636 ὀπίσσω.

141 1670 195 1735 νῦν
218 1669 256 1737 δέ
276 1696 334 1755 μιν
356 1667 494 1752 ἀκλειῶς
516 1670 659 1760 ἅρπυιαι
682 1666 914 1761 ἀνηρείψαντο·

143 1766 243 1853 οἴχετ’
267 1767 401 1852 ἀειστος
424 1769 583 1854 ἀπυστος,
606 1773 682 1858 ἐμοὶ
704 1771 735 1841 δ’
759 1769 878 1850 ὀδύνας
898 1795 934 1837 τε
955 1769 1053 1849 τόους
1074 1792 1110 1834 τε

142 1871 312 1940 κάλλιπεν.
357 1870 429 1941 οὐδ’
451 1870 501 1941 ἔτι
523 1879 628 1942 κεῖνον
649 1872 844 1962 ὀδυρόμενος
865 1869 1041 1952 στεναχίζω

143 1964 228 2055 ολον,
251 1972 327 2041 έπεί
347 1972 385 2040 νύ
406 1999 466 2059 μοι
489 1970 572 2040 ἀλλα
593 1974 671 2042 θεοί
693 1974 778 2041 κακά
800 1969 889 2061 κήδε’
912 1969 1050 2052 ἔτευξαν.

87 2093 128 2135 ιω
142 2071 239 2141 όσσοι
261 2076 323 2162 πάρ
345 2076 495 2165 νήσοισιν
516 2074 765 2165 ἐπικρατέουσιν
786 2069 934 2158 άριστοι,

142 2175 310 2267 Δουλιχίῳ
331 2202 368 2244 τε
388 2177 483 2268 Σάμη
505 2177 620 2243 τεκαὶ
642 2173 769 2264 ὑλήεντι
792 2174 970 2263 Ζακύνθῳ,

140 2270 198 2364 ἠδ’
220 2274 318 2345 ὅσσοι
339 2279 479 2366 κραναήν
497 2275 631 2366 Ἰθάκην
652 2276 736 2343 κάτα
758 2278 996 2365 κοιρανέουσιν,

141 2374 260 2446 τόσσοι
281 2377 393 2468 μητέρ’
415 2379 495 2471 ἐμήν
516 2382 673 2466 μνῶνται,
695 2377 850 2468 τρύχουσι
872 2378 909 2445 δέ
929 2383 1051 2444 τοῖκον.

143 2472 165 2568 λη’
189 2475 222 2545 δ’
246 2475 316 2547 αὕτ’
338 2480 484 2570 ἀρνεῖται
508 2482 661 2570 στυτερδν
681 2480 789 2565 τάμον
810 2475 885 2548 ούτε
906 2477 1055 2566 τελευτήν

91 2609 131 2652 κιο
145 2588 292 2670 ποιήσαι
315 2581 469 2649 δύναται·
489 2582 542 2650 τοί
564 2581 603 2649 δέ
624 2581 852 2672 φθινύθουσιν
874 2577 1002 2659 ἔδοντες

141 2687 254 2750 εοῖκον
274 2682 361 2767 ἐμόν.
405 2683 490 2767 τάχα
511 2682 552 2772 δή
573 2707 615 2767 με
637 2682 866 2771 διαρραίσουσι
888 2679 945 2746 καί
968 2676 1094 2746 αύτόν.”

184 2785 243 2852 τδν
266 2780 299 2850 δ’
320 2782 580 2872 ἐπαλαστήσασα
602 2783 772 2873 προσηύδα
793 2781 928 2860 Παλλάς
950 2777 1078 2868 Ἀθήνη

138 2880 193 2952 “ῶ
213 2885 339 2967 πόποι,
362 2879 384 2974 ή
407 2887 446 2975 δή
470 2886 594 2953 πολλόν
615 2882 837 2970 ἀποιχομένων
856 2879 1013 2970 Ὀδυσῆος

144 2984 237 3077 δεύη,
260 2984 281 3054 δ’
301 3011 338 3053 κε
358 2989 556 3075 μνηστῆρσιν
578 2982 731 3055 ἀναιδέσι
752 2991 861 3076 χεῖρας
882 2981 987 3073 ἐφείη.

89 3115 130 3158 ιω
144 3084 175 3155 εί
195 3088 259 3176 τδρ
281 3095 336 3155 νῦν
357 3087 466 3155 ἐλθῶν
488 3087 592 3171 δόμου
614 3087 648 3154 ἐν
668 3087 819 3177 πραίτησι
841 3085 985 3178 θύρῃσιν

143 3186 256 3278 σταίη,
279 3186 361 3273 ἔχων
382 3187 516 3278 πήληκα
537 3189 594 3255 καὶ
616 3183 747 3254 ἀσπίδα
768 3189 825 3255 καὶ
848 3188 908 3257 δύο
930 3189 1038 3276 δοῦρε,

142 3295 233 3372 τοῖος
253 3289 317 3359 ἐῶν
338 3283 409 3358 οἷόν
428 3317 486 3375 μιν
507 3289 571 3358 ἐτι)
591 3290 634 3357 τά
656 3290 774 3379 πρῶτα
794 3288 896 3380 νόησα

142 3389 248 3480 εοίκφ
270 3391 305 3460 ἐν
325 3388 469 3481 ήμετέρρι
492 3390 631 3459 πίνοντά
652 3417 689 3459 τε
709 3391 910 3481 τερπόμενόν
930 3418 981 3476 τε,

144 3492 181 3575 ἐξ
198 3490 339 3583 Ἐφύρης
362 3490 496 3561 ἀνιόντα
518 3488 699 3580 παρ”Ἰλου
721 3495 950 3585 Μερμερίδαο·

89 3618 130 3659 τεο
144 3589 246 3682 η’ίχετο
266 3596 329 3682 τδρ
350 3594 407 3662 καί
430 3598 517 3662 κεῖσε
539 3594 625 3681 θοῆς
646 3592 706 3661 ἐπὶ
727 3596 803 3684 νηὸς
821 3593 993 3676 Ὀδυσσεύς

143 3694 318 3786 φάρμακον
338 3693 538 3785 ἀνδροφόνον
559 3693 743 3781 διζήμενος,
767 3691 856 3783 όφρα
876 3722 930 3764 τοι
954 3694 1004 3786 εἴη

143 3794 214 3877 ἰούς
232 3796 391 3884 χρίεσθαι
412 3794 606 3884 χαλκήρεας·
627 3791 700 3861 ἀλλ’
723 3791 743 3861 ὃ
763 3797 823 3880 μὲν
841 3794 881 3863 ού
901 3823 956 3865 τοι

144 3899 259 3980 δῶκεν,
282 3897 359 3967 ἐπεί
379 3905 421 3987 ῥα
444 3899 544 3979 θεούς
564 3895 750 3982 νεμεσίζετο
772 3895 843 3965 αίέν
864 3897 990 3978 ἐόντας,

144 3997 228 4069 ἀλλὰ
250 4000 361 4089 πατήρ
383 4025 438 4067 τοι
461 4001 564 4066 δῶκεν
585 3998 676 4082 ἐμός·
700 3999 855 4088 φιλέεσκε
875 4002 937 4089 ι’ἀρ
960 3997 1066 4081 αἰνῶς.

90 4129 131 4172 ιω
144 4110 235 4183 τοῖος
256 4102 317 4172 ἐῶν
337 4102 536 4191 μνηστῆρσιν
558 4096 746 4187 ὁμιλήσειεν
764 4096 950 4180 Ὀδυσσεύς·

144 4204 267 4286 πάντες
287 4199 319 4270 κ’
342 4199 510 4290 ω’κύμοροί
530 4226 566 4267 τε
586 4198 739 4267 τενοίατο
761 4199 966 4287 πικρόταμοί
985 4229 1031 4271 τε.

144 4303 219 4374 ἀλλ’
239 4300 261 4396 ή
281 4329 337 4372 τοι
357 4303 417 4387 μέν
437 4305 542 4370 ταῦτα
563 4303 653 4369 θεῶν
674 4301 709 4370 ἐν
729 4299 867 4372 τούνασι
888 4310 1012 4387 κεῖται,

142 4403 164 4498 ή
186 4434 242 4476 κεν
262 4404 421 4495 νοστήσας
442 4401 656 4487 ἀποτίσεται,
679 4396 717 4494 ἦε
738 4404 796 4473 καὶ
818 4402 903 4488 ούκί,
