2858 5026
509 272 549 318 ιι.
587 268 874 320 mmmm
1175 267 1241 330 229

141 444 214 486 ουτε
235 446 268 486 τι
294 420 483 510 Τηλέμαχος
503 421 543 487 τό
564 418 596 487 ν’
619 420 796 510 ἐπήρκεσεν
819 416 893 487 ούτε
913 445 966 498 τις
988 415 1092 498 άλλος.

139 523 188 607 τῷ
208 524 261 588 νῦν
282 521 512 611 Πηνελόπειαν
534 522 581 589 ἐνὶ
602 524 794 612 μενάροισιν
816 518 946 605 όίνωχθι

87 654 127 693 τω
141 628 266 707 μεῖναι,
290 623 506 712 ἐπεινομένην
527 648 604 712 περ,
627 624 661 705 ἐς
681 621 792 713 ήέλιον
814 623 1013 690 καταδύντα·

139 726 195 790 καὶ
217 725 293 792 τότε
314 722 351 808 μ’
375 723 517 809 εἰρέσθω
539 726 659 805 πόσιος
682 726 760 811 πέρι
782 725 937 809 νόστιμον
957 717 1057 812 η’μαρ,

139 821 307 911 άσσατέρω
330 824 502 893 καθίσασα
524 827 631 912 παραὶ
653 825 751 915 πυρί·
774 825 916 910 εείματα
937 824 1000 910 νάρ
1022 849 1077 890 τοι

138 922 227 1011 λύπρ’
251 923 324 1008 ἔχω.
369 919 474 993 οἶσθα
495 926 551 992 καὶ
575 923 688 1008 αύτός,
710 925 786 993 ἐπεί
806 950 843 993 σε
865 922 979 1012 πρῶθ’
1002 921 1176 992 λκέτευσα.”

181 1018 226 1105 ῶς
248 1027 349 1115 φάτο,
372 1032 416 1114 βή
439 1028 476 1092 δὲ
498 1026 678 1115 συφορβός,
702 1026 777 1093 ἐπεὶ
799 1027 857 1092 τὸν
877 1029 988 1108 μῦθον
1009 1022 1154 1093 άκονσεν.

85 1158 124 1197 ωε
138 1130 195 1193 τόν
218 1124 248 1193 δ’
271 1125 354 1215 ὑπὲρ
377 1124 476 1194 οὐδοῦ
496 1128 602 1212 βάντα
625 1128 797 1217 προσηύδα
819 1126 1030 1215 Πηνελόπεια

133 1226 198 1295 αού
220 1228 259 1295 σά
281 1225 314 1294 ν’
337 1226 442 1309 άνεις,
463 1225 610 1312 Ἐύμαιε·
633 1227 668 1296 τί
688 1225 777 1295 τοῦτ’
801 1227 930 1317 ἐνόησεν
952 1224 1088 1317 ἀλήτης,ο

137 1322 158 1418 ή
178 1329 254 1396 τινά
276 1355 341 1397 που
364 1327 477 1409 δείσας
498 1328 659 1411 ἐξαίσιον,
682 1323 720 1419 ήε
741 1330 799 1396 καὶ
821 1325 926 1408 άλλως

137 1429 281 1498 αἰδεῖται
302 1431 388 1497 κατὰ
412 1432 521 1515 δῶμα,·
544 1431 647 1510 κακός
669 1428 700 1497 δ’
725 1429 851 1510 αἰδοῖος
872 1427 1020 1519 α’λήτης.”

179 1531 237 1620 τήν
260 1528 293 1597 δ’
315 1528 585 1616 άπαμειβόμενος
606 1532 792 1621 προσέφης,
811 1528 947 1615 Ἐύμαιε
969 1533 1115 1616 συβῶτα,

83 1629 319 1715 κου”μυθεῖται
340 1633 424 1698 κατά
445 1639 575 1721 μοῖραν,
598 1631 621 1698 όί
643 1633 710 1722 πέρ,
728 1630 761 1698 κ’
784 1630 892 1700 οἴοιτο
913 1633 970 1698 καὶ
990 1628 1102 1713 άλλος,

136 1731 230 1819 ύβριν
253 1731 444 1816 ἀλυσκάζων
466 1731 593 1822 ἀνδρῶν
614 1733 902 1825 ὑπερηνορεόντων.

137 1830 219 1899 άλλά
242 1857 279 1901 σε
299 1840 410 1919 μεῖναι
433 1831 554 1901 άνωτεν
575 1834 609 1914 ἐς
630 1834 740 1924 ήέλιον
762 1834 954 1902 καταδύντα.

137 1935 194 2000 καὶ
218 1935 255 2001 δὲ
277 1938 330 2003 σοὶ
353 1928 415 2002 ὧδ’
438 1933 521 2025 αὐτῇ
543 1938 628 2003 πολύ
651 1937 798 2018 κάλλιον,
822 1929 850 2003 ὦ
871 1934 1038 2021 βασίλεια,
1085 1976 1088 1986 =

138 2032 211 2124 οἴην
231 2038 317 2123 πρός
338 2037 441 2117 ξεῖνον
462 2036 597 2126 φάσθαι
618 2038 723 2118 τόπος
744 2036 797 2127 ἠδ’
822 2035 1035 2105 ἐπακούσαι.”

83 2170 123 2209 585
178 2139 234 2203 τόν
257 2135 287 2203 δ’
311 2132 388 2204 αὖτε
410 2138 611 2224 προσένειπε
633 2139 803 2230 περίφρων
823 2139 1033 2229 Πηνελόπεια

133 2234 215 2305 “ofin
238 2234 352 2328 δίφρων
374 2235 392 2305 ό
417 2239 519 2319 ξεῖνος
541 2236 663 2321 όίεται,
688 2238 725 2320 ός
746 2266 809 2328 περ
832 2235 872 2306 ι’ίν
894 2237 960 2329 εἰἠ·

138 2337 174 2406 ού
196 2338 259 2426 νάρ
282 2338 349 2406 πού
370 2365 457 2420 τινες
477 2334 543 2407 ὦδε
565 2344 781 2432 καταθνητῶν
803 2338 990 2430 α’νθριόπων

138 2438 248 2529 άνέρες
269 2437 455 2525 ὑβρίζοντες
478 2440 657 2510 άτάσθαλα
677 2440 933 2532 μηχανόωνται.”

177 2538 198 2630 ἢ
220 2540 279 2626 μὲν
302 2537 353 2630 ἄρ’
378 2536 423 2622 ῶς
445 2540 608 2631 άνόρευεν,
633 2537 651 2611 ὃ
674 2540 706 2610 δ’
730 2541 832 2630 η’ίχετο
856 2546 927 2623 δῖος
948 2542 1093 2635 ὑφορβός

83 2675 122 2715 τοο
136 2643 327 2733 μνηστήρων
349 2643 383 2722 ἐς
405 2642 533 2729 ὅμιλον,
556 2643 632 2711 ἐπεὶ
656 2644 861 2734 διεπέφραδε
882 2645 1000 2713 πάντα.

136 2737 226 2833 αἶψα
249 2743 286 2810 δὲ
313 2746 501 2833 Τηλέμαχον
522 2745 629 2812 εέπεα
651 2745 828 2833 πτερόεντα
851 2746 1038 2835 προσηύδα,

135 2841 212 2927 άνχι
235 2846 318 2927 σχών
340 2846 496 2935 κεφαλήν,
520 2848 638 2937 ἵναμή
660 2844 854 2934 πευθοίαθ’
878 2844 908 2913 οἱ
931 2845 1037 2915 άλλοι.

129 2939 183 3012 “115
206 2945 248 3036 φί
268 2943 289 3029 ’,
312 2943 375 3013 ἐτώ
396 2949 455 3031 μὲν
477 2943 611 3033 άπειμι,
635 2948 716 3028 σύας
737 2948 794 3015 καὶ
816 2954 906 3016 κεῖνα
928 2950 1093 3040 φυλάξων,

136 3050 194 3116 σδν
215 3050 273 3116 καὶ
295 3048 373 3132 ἐμόν
394 3047 520 3134 βίοτον·
544 3050 597 3117 σοὶ
619 3048 650 3116 δ’
674 3050 797 3117 ἐνθάδε
820 3050 929 3118 πάντα
950 3051 1121 3135 μελόντων.

82 3183 122 3224 595
137 3147 235 3217 αὐτόν
255 3149 314 3234 μέν
336 3173 373 3217 σε
394 3153 512 3237 πρῶτα
534 3150 619 3230 σάω,
642 3154 699 3219 καὶ
722 3152 844 3242 φράζεο
866 3156 968 3240 θυμῷ

133 3251 181 3340 μή
202 3277 236 3317 τι
258 3251 390 3342 πάθης·
414 3252 534 3320 πολλοὶ
556 3253 594 3321 δὲ
614 3254 701 3320 κακά
723 3253 916 3343 φρονέουσιν
939 3250 1093 3335 Ἀχαιῶν,

134 3356 211 3433 τούς
232 3354 317 3433 Ζεύς
338 3353 502 3433 ἐξολέσειε
524 3355 603 3446 πρὶν
623 3354 699 3445 ήμῖν
721 3357 816 3444 πῆμα
837 3352 1026 3423 νενέσθαι.”

177 3455 234 3521 τόν
256 3451 289 3520 δ’
312 3445 353 3521 αὖ
380 3454 567 3544 Τηλέμαχος
589 3455 796 3540 πεπνυμένος
817 3453 928 3524 άντίον
948 3453 1033 3547 ηἰίδα

130 3554 149 3580 “
157 3553 290 3624 ἔσσεται
313 3553 428 3637 οὕτως,
452 3551 550 3621 άττα·
573 3559 612 3622 οδ
635 3553 667 3623 δ’
690 3553 780 3642 ἔρχεο
802 3559 1001 3647 δειελιήσας·

82 3656 247 3748 ωοήῶθεν
270 3655 303 3724 δ’
326 3656 410 3725 ἱέναι
432 3657 489 3723 καὶ
512 3653 605 3723 άτειν
626 3654 735 3746 ἱερήια
758 3658 851 3724 καλά.

134 3758 236 3850 αὐτὰρ
259 3759 332 3844 ἐμοὶ
354 3758 437 3825 τάδε
459 3756 569 3824 πάντα
590 3758 648 3824 καὶ
670 3755 874 3826 ἀθανάτοισι
895 3758 1059 3848 μελήσει.”

176 3855 220 3941 ὦς
242 3859 341 3951 φάθ’,
365 3857 393 3930 ὃ.
408 3858 440 3928 δ’
463 3853 557 3939 αὖτις
578 3855 632 3946 ἄρ’
656 3855 740 3939 ἕζετ’
762 3858 914 3940 ἐυξέστου
937 3859 996 3927 ἐπὶ
1019 3858 1152 3950 δίφρου,

134 3963 343 4053 πλησάμενος
366 3960 399 4029 δ’
423 3958 487 4051 ι’ίρα
508 3962 619 4045 θυμόν
640 3960 777 4050 ἐδητύος
797 3957 859 4048 ἠδὲ
879 3965 1023 4049 ποτῆτος

134 4068 177 4155 βῆ
200 4062 228 4153 ῥ’
253 4063 338 4133 ἱέναι
360 4060 441 4149 μεθ’
464 4062 535 4143 ύας,
558 4062 637 4130 λίπε
660 4060 692 4128 δ’
716 4061 810 4152 ἕρκεά
832 4087 868 4128 τε
888 4063 1032 4148 μέναρόν
1052 4089 1089 4130 τε
1146 4090 1148 4093 ·

80 4199 119 4239 ωε
135 4170 249 4234 πλεῖον
271 4166 484 4250 δαιτυμόνων.
529 4161 566 4230 οἳ
586 4161 619 4230 δ’
643 4161 795 4253 ὀρχηστυῖ
815 4163 873 4229 καὶ
896 4160 996 4252 ἀοιδῇ

134 4264 299 4357 τέρποντ’·
321 4261 469 4357 ήδηνάρ
491 4265 549 4331 καὶ
571 4262 724 4350 ἐπήλυθε
746 4262 869 4331 δείελον
891 4259 986 4354 ήμαρ.

79 4383 119 4444 18
178 4363 264 4459 ἦλθε
287 4368 322 4437 δ’
343 4368 403 4436 ἐπὶ
425 4367 555 4450 πτωχός
577 4364 775 4454 πανδήμιος,
800 4360 838 4445 ὃς
859 4369 943 4436 κατὰ
964 4367 1067 4435 εάστυ

1237 4382 1260 4430 Σ
