<?xml version="1.0" encoding="UTF-8"?>
<!DOCTYPE html PUBLIC "-//W3C//DTD XHTML 1.0 Transitional//EN"
    "http://www.w3.org/TR/xhtml1/DTD/xhtml1-transitional.dtd">
<html xmlns="http://www.w3.org/1999/xhtml" xml:lang="en" lang="en">
 <head>
  <title>
</title>
<meta http-equiv="Content-Type" content="text/html;charset=utf-8" />
  <meta name='ocr-system' content='tesseract 3.04.00' />
  <meta name='ocr-capabilities' content='ocr_page ocr_carea ocr_par ocr_line ocrx_word'/>
</head>
<body>
  <div class='ocr_page' id='page_1' title='image "./carminahomerica01homegoog_0033.png"; bbox 0 0 2894 5024; ppageno 0'>
   <div class='ocr_carea' id='block_1_1' title="bbox 315 255 1039 320">
    <p class='ocr_par' dir='ltr' id='par_1_1' title="bbox 315 255 1039 320">
     <span class='ocr_line' id='line_1_1' title="bbox 315 255 1039 320; baseline 0.011 -17"><span class='ocrx_word' id='word_1_1' title='bbox 315 255 357 320; x_wconf 73' lang='grc' dir='ltr'><em>ης</em></span> <span class='ocrx_word' id='word_1_2' title='bbox 687 257 711 305; x_wconf 84' lang='grc' dir='ltr'><em>τ.</em></span> <span class='ocrx_word' id='word_1_3' title='bbox 748 255 1039 311; x_wconf 63' lang='lat' dir='ltr'>omnum</span> 
     </span>
    </p>
   </div>
   <div class='ocr_carea' id='block_1_2' title="bbox 259 404 1346 4254">
    <p class='ocr_par' dir='ltr' id='par_1_2' title="bbox 259 404 1346 4254">
     <span class='ocr_line' id='line_1_2' title="bbox 314 404 1300 499; baseline 0.007 -24"><span class='ocrx_word' id='word_1_4' title='bbox 314 406 348 475; x_wconf 79' lang='grc' dir='ltr'><em>ἐν</em></span> <span class='ocrx_word' id='word_1_5' title='bbox 368 405 399 474; x_wconf 62' lang='grc' dir='ltr'><em>τ)</em></span> <span class='ocrx_word' id='word_1_6' title='bbox 422 404 487 495; x_wconf 84' lang='grc' dir='ltr'><em>ἀρα</em></span> <span class='ocrx_word' id='word_1_7' title='bbox 507 432 562 472; x_wconf 66' lang='grc' dir='ltr'><em>τοι</em></span> <span class='ocrx_word' id='word_1_8' title='bbox 577 409 623 496; x_wconf 83' lang='grc' dir='ltr'><em>φῦ</em></span> <span class='ocrx_word' id='word_1_9' title='bbox 637 405 733 494; x_wconf 83' lang='grc' dir='ltr'><em>χειρί,</em></span> <span class='ocrx_word' id='word_1_10' title='bbox 754 408 857 489; x_wconf 76' lang='grc' dir='ltr'><em>εέπος</em></span> <span class='ocrx_word' id='word_1_11' title='bbox 870 408 904 477; x_wconf 64' lang='grc' dir='ltr'><em>τ)</em></span> <span class='ocrx_word' id='word_1_12' title='bbox 917 407 1016 499; x_wconf 72' lang='grc' dir='ltr'><em>ἔφατ’</em></span> <span class='ocrx_word' id='word_1_13' title='bbox 1036 409 1073 478; x_wconf 81' lang='grc' dir='ltr'><em>έκ</em></span> <span class='ocrx_word' id='word_1_14' title='bbox 1087 410 1117 478; x_wconf 81' lang='grc' dir='ltr'><em>τ’</em></span> <span class='ocrx_word' id='word_1_15' title='bbox 1134 410 1300 498; x_wconf 79' lang='grc' dir='ltr'><strong><em>ὀνόμαζεν.</em></strong></span> 
     </span>
     <span class='ocr_line' id='line_1_3' title="bbox 310 505 1261 602; baseline 0.009 -29"><span class='ocrx_word' id='word_1_16' title='bbox 310 506 329 534; x_wconf 85' lang='lat'><em>“</em></span> <span class='ocrx_word' id='word_1_17' title='bbox 341 505 502 599; x_wconf 74' lang='grc' dir='ltr'><em>Τηλέμαχ’</em></span> <span class='ocrx_word' id='word_1_18' title='bbox 524 506 690 598; x_wconf 79' lang='grc' dir='ltr'><em>ὑφατόρη,</em></span> <span class='ocrx_word' id='word_1_19' title='bbox 713 509 808 594; x_wconf 87' lang='grc' dir='ltr'><em>μένος</em></span> <span class='ocrx_word' id='word_1_20' title='bbox 830 506 958 595; x_wconf 85' lang='grc' dir='ltr'><em>ἀσχετε,</em></span> <span class='ocrx_word' id='word_1_21' title='bbox 982 513 1027 602; x_wconf 89' lang='grc' dir='ltr'><em>μη’</em></span> <span class='ocrx_word' id='word_1_22' title='bbox 1049 512 1083 580; x_wconf 89' lang='grc' dir='ltr'><em>τί</em></span> <span class='ocrx_word' id='word_1_23' title='bbox 1103 538 1157 580; x_wconf 91' lang='grc' dir='ltr'><em>τοι</em></span> <span class='ocrx_word' id='word_1_24' title='bbox 1180 510 1261 582; x_wconf 83' lang='grc' dir='ltr'><em>ἀλλο</em></span> 
     </span>
     <span class='ocr_line' id='line_1_4' title="bbox 267 601 1185 700; baseline 0.005 -23"><span class='ocrx_word' id='word_1_25' title='bbox 267 601 281 623; x_wconf 77' lang='lat'>⁸</span> <span class='ocrx_word' id='word_1_26' title='bbox 316 608 349 678; x_wconf 82' lang='grc' dir='ltr'><em>ἐν</em></span> <span class='ocrx_word' id='word_1_27' title='bbox 370 612 531 699; x_wconf 72' lang='grc' dir='ltr'><em>στήθεσσι</em></span> <span class='ocrx_word' id='word_1_28' title='bbox 556 611 658 677; x_wconf 87' lang='grc' dir='ltr'><em>κακὸν</em></span> <span class='ocrx_word' id='word_1_29' title='bbox 677 611 801 695; x_wconf 88' lang='grc' dir='ltr'><em>μελέτω</em></span> <span class='ocrx_word' id='word_1_30' title='bbox 822 611 937 700; x_wconf 72' lang='grc' dir='ltr'><em>εέρτον</em></span> <span class='ocrx_word' id='word_1_31' title='bbox 957 639 994 681; x_wconf 91' lang='grc' dir='ltr'><em>τε</em></span> <span class='ocrx_word' id='word_1_32' title='bbox 1013 613 1115 695; x_wconf 73' lang='grc' dir='ltr'><em>εέπος</em></span> <span class='ocrx_word' id='word_1_33' title='bbox 1135 640 1185 697; x_wconf 89' lang='grc' dir='ltr'><em>τε,</em></span> 
     </span>
     <span class='ocr_line' id='line_1_5' title="bbox 262 710 1245 805; baseline 0.004 -25"><span class='ocrx_word' id='word_1_34' title='bbox 262 739 301 780; x_wconf 80' lang='grc' dir='ltr'><em>τω</em></span> <span class='ocrx_word' id='word_1_35' title='bbox 317 710 400 779; x_wconf 90' lang='grc' dir='ltr'><em>ἀλλά</em></span> <span class='ocrx_word' id='word_1_36' title='bbox 421 738 480 797; x_wconf 89' lang='grc' dir='ltr'><em>μοι</em></span> <span class='ocrx_word' id='word_1_37' title='bbox 502 710 659 796; x_wconf 77' lang='grc' dir='ltr'><em>ἐσθιέμεν</em></span> <span class='ocrx_word' id='word_1_38' title='bbox 679 713 736 780; x_wconf 84' lang='grc' dir='ltr'><em>καὶ</em></span> <span class='ocrx_word' id='word_1_39' title='bbox 760 715 895 798; x_wconf 77' lang='grc' dir='ltr'><em>πινέμεν</em></span> <span class='ocrx_word' id='word_1_40' title='bbox 917 711 962 796; x_wconf 83' lang='grc' dir='ltr'><em>ιὺς</em></span> <span class='ocrx_word' id='word_1_41' title='bbox 981 717 1020 782; x_wconf 87' lang='grc' dir='ltr'><em>τό</em></span> <span class='ocrx_word' id='word_1_42' title='bbox 1043 716 1150 803; x_wconf 90' lang='grc' dir='ltr'><em>πάρος</em></span> <span class='ocrx_word' id='word_1_43' title='bbox 1172 741 1245 805; x_wconf 89' lang='grc' dir='ltr'><em>περ.</em></span> 
     </span>
     <span class='ocr_line' id='line_1_6' title="bbox 313 812 1231 906; baseline 0.008 -26"><span class='ocrx_word' id='word_1_44' title='bbox 313 823 418 882; x_wconf 73' lang='grc' dir='ltr'><em>ταῦτα</em></span> <span class='ocrx_word' id='word_1_45' title='bbox 440 812 479 881; x_wconf 87' lang='grc' dir='ltr'><em>δέ</em></span> <span class='ocrx_word' id='word_1_46' title='bbox 497 838 551 880; x_wconf 90' lang='grc' dir='ltr'><em>τοι</em></span> <span class='ocrx_word' id='word_1_47' title='bbox 573 814 663 898; x_wconf 89' lang='grc' dir='ltr'><em>μάλα</em></span> <span class='ocrx_word' id='word_1_48' title='bbox 684 814 794 881; x_wconf 89' lang='grc' dir='ltr'><em>πάντα</em></span> <span class='ocrx_word' id='word_1_49' title='bbox 814 816 1064 906; x_wconf 76' lang='grc' dir='ltr'><em>τελευτήσουσιν</em></span> <span class='ocrx_word' id='word_1_50' title='bbox 1085 814 1231 902; x_wconf 80' lang='grc' dir='ltr'><em>Ἀχαιοί,</em></span> 
     </span>
     <span class='ocr_line' id='line_1_7' title="bbox 313 915 1111 1005; baseline 0.003 -24"><span class='ocrx_word' id='word_1_51' title='bbox 313 919 374 1004; x_wconf 78' lang='grc' dir='ltr'><em>νῆα</em></span> <span class='ocrx_word' id='word_1_52' title='bbox 395 915 453 982; x_wconf 83' lang='grc' dir='ltr'><em>καὶ</em></span> <span class='ocrx_word' id='word_1_53' title='bbox 474 915 621 997; x_wconf 75' lang='grc' dir='ltr'><em>ἐξαίτους</em></span> <span class='ocrx_word' id='word_1_54' title='bbox 642 915 768 1004; x_wconf 78' lang='grc' dir='ltr'><em>ἐρέτας,</em></span> <span class='ocrx_word' id='word_1_55' title='bbox 791 918 846 983; x_wconf 79' lang='grc' dir='ltr'><em>ίνα</em></span> <span class='ocrx_word' id='word_1_56' title='bbox 868 919 998 985; x_wconf 86' lang='grc' dir='ltr'><em>θᾶσσον</em></span> <span class='ocrx_word' id='word_1_57' title='bbox 1019 919 1111 1005; x_wconf 81' lang='grc' dir='ltr'><em>ἵκηαι</em></span> 
     </span>
     <span class='ocr_line' id='line_1_8' title="bbox 314 1014 1209 1110; baseline 0.001 -25"><span class='ocrx_word' id='word_1_58' title='bbox 314 1016 348 1096; x_wconf 88' lang='grc' dir='ltr'><em>ἐς</em></span> <span class='ocrx_word' id='word_1_59' title='bbox 368 1017 479 1084; x_wconf 90' lang='grc' dir='ltr'><em>Πύλον</em></span> <span class='ocrx_word' id='word_1_60' title='bbox 500 1015 646 1107; x_wconf 76' lang='grc' dir='ltr'><em>ηἰαθέην</em></span> <span class='ocrx_word' id='word_1_61' title='bbox 665 1014 738 1100; x_wconf 74' lang='grc' dir='ltr'><em>μετ’</em></span> <span class='ocrx_word' id='word_1_62' title='bbox 762 1014 888 1085; x_wconf 76' lang='grc' dir='ltr'><em>ἀταυοῧ</em></span> <span class='ocrx_word' id='word_1_63' title='bbox 910 1020 1038 1107; x_wconf 85' lang='grc' dir='ltr'><em>πατρός</em></span> <span class='ocrx_word' id='word_1_64' title='bbox 1060 1016 1209 1110; x_wconf 78' lang='grc' dir='ltr'><em>ἀκουήν.”</em></span> 
     </span>
     <span class='ocr_line' id='line_1_9' title="bbox 355 1113 1211 1209; baseline 0.005 -24"><span class='ocrx_word' id='word_1_65' title='bbox 355 1120 412 1186; x_wconf 88' lang='grc' dir='ltr'><em>τόν</em></span> <span class='ocrx_word' id='word_1_66' title='bbox 435 1116 465 1187; x_wconf 79' lang='grc' dir='ltr'><em>δ’</em></span> <span class='ocrx_word' id='word_1_67' title='bbox 490 1113 531 1187; x_wconf 81' lang='grc' dir='ltr'><em>αὑ</em></span> <span class='ocrx_word' id='word_1_68' title='bbox 559 1118 748 1209; x_wconf 85' lang='grc' dir='ltr'><em>Τηλέμαχος</em></span> <span class='ocrx_word' id='word_1_69' title='bbox 768 1120 972 1204; x_wconf 78' lang='grc' dir='ltr'><em>πεπνυμένος</em></span> <span class='ocrx_word' id='word_1_70' title='bbox 995 1118 1104 1187; x_wconf 80' lang='grc' dir='ltr'><em>ἀντίον</em></span> <span class='ocrx_word' id='word_1_71' title='bbox 1125 1119 1211 1209; x_wconf 81' lang='grc' dir='ltr'><em>ηἰίδα</em></span> 
     </span>
     <span class='ocr_line' id='line_1_10' title="bbox 261 1217 1211 1310; baseline 0.005 -24"><span class='ocrx_word' id='word_1_72' title='bbox 261 1242 301 1280; x_wconf 73' lang='lat'><em>³1⁰</em></span> <span class='ocrx_word' id='word_1_73' title='bbox 310 1217 480 1300; x_wconf 74' lang='grc' dir='ltr'><em>αἈντίνο’,</em></span> <span class='ocrx_word' id='word_1_74' title='bbox 503 1217 543 1287; x_wconf 79' lang='grc' dir='ltr'><em>ού</em></span> <span class='ocrx_word' id='word_1_75' title='bbox 564 1246 636 1300; x_wconf 89' lang='grc' dir='ltr'><em>πως</em></span> <span class='ocrx_word' id='word_1_76' title='bbox 658 1219 748 1287; x_wconf 82' lang='grc' dir='ltr'><em>έστιν</em></span> <span class='ocrx_word' id='word_1_77' title='bbox 768 1219 1009 1310; x_wconf 73' lang='grc' dir='ltr'><em>ὑπερφιάλοισι</em></span> <span class='ocrx_word' id='word_1_78' title='bbox 1031 1220 1112 1307; x_wconf 81' lang='grc' dir='ltr'><em>μεθ’</em></span> <span class='ocrx_word' id='word_1_79' title='bbox 1135 1222 1211 1308; x_wconf 85' lang='grc' dir='ltr'><em>ὑμῖν</em></span> 
     </span>
     <span class='ocr_line' id='line_1_11' title="bbox 314 1318 1192 1413; baseline 0.005 -25"><span class='ocrx_word' id='word_1_80' title='bbox 314 1320 495 1389; x_wconf 78' lang='grc' dir='ltr'><em>δαίνυσθαί</em></span> <span class='ocrx_word' id='word_1_81' title='bbox 516 1320 545 1387; x_wconf 79' lang='grc' dir='ltr'><em>τ’</em></span> <span class='ocrx_word' id='word_1_82' title='bbox 570 1319 707 1389; x_wconf 79' lang='grc' dir='ltr'><em>ἀκέοντα</em></span> <span class='ocrx_word' id='word_1_83' title='bbox 729 1323 785 1388; x_wconf 90' lang='grc' dir='ltr'><em>καὶ</em></span> <span class='ocrx_word' id='word_1_84' title='bbox 808 1318 1047 1411; x_wconf 77' lang='grc' dir='ltr'><em>εὐφραίνεσθαι</em></span> <span class='ocrx_word' id='word_1_85' title='bbox 1070 1323 1192 1413; x_wconf 77' lang='grc' dir='ltr'><em>έκηλον.</em></span> 
     </span>
     <span class='ocr_line' id='line_1_12' title="bbox 314 1417 1329 1512; baseline 0.007 -23"><span class='ocrx_word' id='word_1_86' title='bbox 314 1417 334 1512; x_wconf 70' lang='grc' dir='ltr'><strong><em>ἦ</em></strong></span> <span class='ocrx_word' id='word_1_87' title='bbox 358 1421 395 1490; x_wconf 89' lang='grc' dir='ltr'><em>ού</em></span> <span class='ocrx_word' id='word_1_88' title='bbox 416 1424 512 1503; x_wconf 65' lang='grc' dir='ltr'><em>πόλις</em></span> <span class='ocrx_word' id='word_1_89' title='bbox 533 1420 579 1502; x_wconf 85' lang='grc' dir='ltr'><em>ιὺς</em></span> <span class='ocrx_word' id='word_1_90' title='bbox 598 1424 638 1490; x_wconf 84' lang='grc' dir='ltr'><em>τό</em></span> <span class='ocrx_word' id='word_1_91' title='bbox 659 1421 829 1512; x_wconf 86' lang='grc' dir='ltr'><em>πάροιθεν</em></span> <span class='ocrx_word' id='word_1_92' title='bbox 850 1422 990 1509; x_wconf 83' lang='grc' dir='ltr'><em>ἐκείρετε</em></span> <span class='ocrx_word' id='word_1_93' title='bbox 1011 1426 1121 1492; x_wconf 89' lang='grc' dir='ltr'><em>πολλά</em></span> <span class='ocrx_word' id='word_1_94' title='bbox 1142 1427 1199 1494; x_wconf 86' lang='grc' dir='ltr'><em>καὶ</em></span> <span class='ocrx_word' id='word_1_95' title='bbox 1221 1429 1329 1498; x_wconf 86' lang='grc' dir='ltr'><em>ἐσθλά</em></span> 
     </span>
     <span class='ocr_line' id='line_1_13' title="bbox 314 1521 1200 1616; baseline 0.006 -26"><span class='ocrx_word' id='word_1_96' title='bbox 314 1521 454 1613; x_wconf 75' lang='grc' dir='ltr'><em>κτήματ’</em></span> <span class='ocrx_word' id='word_1_97' title='bbox 476 1525 553 1609; x_wconf 86' lang='grc' dir='ltr'><em>ἐμά,</em></span> <span class='ocrx_word' id='word_1_98' title='bbox 575 1527 765 1614; x_wconf 85' lang='grc' dir='ltr'><em>μνηστῆρες,</em></span> <span class='ocrx_word' id='word_1_99' title='bbox 788 1524 852 1592; x_wconf 68' lang='grc' dir='ltr'><em>ἐπιδ</em></span> <span class='ocrx_word' id='word_1_100' title='bbox 874 1521 904 1591; x_wconf 73' lang='grc' dir='ltr'><em>δ’</em></span> <span class='ocrx_word' id='word_1_101' title='bbox 928 1521 977 1591; x_wconf 84' lang='grc' dir='ltr'><em>έτι</em></span> <span class='ocrx_word' id='word_1_102' title='bbox 999 1525 1119 1614; x_wconf 82' lang='grc' dir='ltr'><em>κη’πιος</em></span> <span class='ocrx_word' id='word_1_103' title='bbox 1141 1522 1200 1616; x_wconf 73' lang='grc' dir='ltr'><em>ἧος</em></span> 
     </span>
     <span class='ocr_line' id='line_1_14' title="bbox 314 1621 1289 1714; baseline 0.003 -20"><span class='ocrx_word' id='word_1_104' title='bbox 314 1629 369 1694; x_wconf 76' lang='grc' dir='ltr'><em>νῦν</em></span> <span class='ocrx_word' id='word_1_105' title='bbox 392 1623 423 1692; x_wconf 79' lang='grc' dir='ltr'><em>δ’</em></span> <span class='ocrx_word' id='word_1_106' title='bbox 448 1624 502 1693; x_wconf 77' lang='grc' dir='ltr'><em>ὅτε</em></span> <span class='ocrx_word' id='word_1_107' title='bbox 525 1627 565 1714; x_wconf 78' lang='grc' dir='ltr'><em>δη</em></span> <span class='ocrx_word' id='word_1_108' title='bbox 587 1627 692 1710; x_wconf 77' lang='grc' dir='ltr'><em>μέτας</em></span> <span class='ocrx_word' id='word_1_109' title='bbox 714 1623 796 1710; x_wconf 80' lang='grc' dir='ltr'><em>εἰμί,</em></span> <span class='ocrx_word' id='word_1_110' title='bbox 819 1626 876 1692; x_wconf 86' lang='grc' dir='ltr'><em>καὶ</em></span> <span class='ocrx_word' id='word_1_111' title='bbox 900 1621 1007 1691; x_wconf 83' lang='grc' dir='ltr'><em>ἀλλων</em></span> <span class='ocrx_word' id='word_1_112' title='bbox 1027 1628 1138 1711; x_wconf 84' lang='grc' dir='ltr'><em>μῦθον</em></span> <span class='ocrx_word' id='word_1_113' title='bbox 1160 1627 1289 1699; x_wconf 90' lang='grc' dir='ltr'><em>ἀκούων</em></span> 
     </span>
     <span class='ocr_line' id='line_1_15' title="bbox 262 1724 1205 1814; baseline 0 -17"><span class='ocrx_word' id='word_1_114' title='bbox 262 1755 301 1797; x_wconf 77' lang='lat'><em>³1⁵</em></span> <span class='ocrx_word' id='word_1_115' title='bbox 315 1727 542 1812; x_wconf 70' lang='grc' dir='ltr'><em>πυνθάνομαι,</em></span> <span class='ocrx_word' id='word_1_116' title='bbox 565 1727 622 1792; x_wconf 83' lang='grc' dir='ltr'><em>καὶ</em></span> <span class='ocrx_word' id='word_1_117' title='bbox 646 1725 687 1814; x_wconf 80' lang='grc' dir='ltr'><em>δή</em></span> <span class='ocrx_word' id='word_1_118' title='bbox 708 1751 768 1810; x_wconf 89' lang='grc' dir='ltr'><em>μοι</em></span> <span class='ocrx_word' id='word_1_119' title='bbox 792 1724 921 1808; x_wconf 86' lang='grc' dir='ltr'><em>ἀέξεται</em></span> <span class='ocrx_word' id='word_1_120' title='bbox 944 1724 1061 1795; x_wconf 78' lang='grc' dir='ltr'><em>ἔνδοθι</em></span> <span class='ocrx_word' id='word_1_121' title='bbox 1082 1730 1205 1814; x_wconf 76' lang='grc' dir='ltr'><em>θυμός,</em></span> 
     </span>
     <span class='ocr_line' id='line_1_16' title="bbox 314 1823 1134 1919; baseline 0.001 -24"><span class='ocrx_word' id='word_1_122' title='bbox 314 1828 465 1917; x_wconf 80' lang='grc' dir='ltr'><em>πειρήσω</em></span> <span class='ocrx_word' id='word_1_123' title='bbox 486 1827 531 1908; x_wconf 83' lang='grc' dir='ltr'><em>ὥς</em></span> <span class='ocrx_word' id='word_1_124' title='bbox 550 1823 583 1892; x_wconf 78' lang='grc' dir='ltr'><em>κ’</em></span> <span class='ocrx_word' id='word_1_125' title='bbox 605 1823 688 1911; x_wconf 81' lang='grc' dir='ltr'><em>ύμμι</em></span> <span class='ocrx_word' id='word_1_126' title='bbox 710 1829 814 1907; x_wconf 88' lang='grc' dir='ltr'><em>κακάς</em></span> <span class='ocrx_word' id='word_1_127' title='bbox 835 1827 894 1894; x_wconf 84' lang='grc' dir='ltr'><em>ἐπὶ</em></span> <span class='ocrx_word' id='word_1_128' title='bbox 916 1831 1017 1918; x_wconf 78' lang='grc' dir='ltr'><em>κῆρας</em></span> <span class='ocrx_word' id='word_1_129' title='bbox 1039 1826 1134 1919; x_wconf 76' lang='grc' dir='ltr'><em>λη’λω,</em></span> 
     </span>
     <span class='ocr_line' id='line_1_17' title="bbox 313 1924 1106 2019; baseline -0.001 -22"><span class='ocrx_word' id='word_1_130' title='bbox 313 1928 351 2019; x_wconf 77' lang='grc' dir='ltr'><em>ηἐ“</em></span> <span class='ocrx_word' id='word_1_131' title='bbox 371 1926 512 1997; x_wconf 77' lang='grc' dir='ltr'><em>Πύλονδ’</em></span> <span class='ocrx_word' id='word_1_132' title='bbox 535 1928 642 1996; x_wconf 77' lang='grc' dir='ltr'><em>ἐλθών</em></span> <span class='ocrx_word' id='word_1_133' title='bbox 664 1924 686 2019; x_wconf 79' lang='grc' dir='ltr'><strong><em>ἢ</em></strong></span> <span class='ocrx_word' id='word_1_134' title='bbox 707 1926 807 1996; x_wconf 76' lang='grc' dir='ltr'><em>αὑτοῦ</em></span> <span class='ocrx_word' id='word_1_135' title='bbox 828 1926 907 2018; x_wconf 75' lang='grc' dir='ltr'><em>τῷδ’</em></span> <span class='ocrx_word' id='word_1_136' title='bbox 931 1930 978 1996; x_wconf 81' lang='grc' dir='ltr'><em>ἐνί</em></span> <span class='ocrx_word' id='word_1_137' title='bbox 1003 1931 1106 2019; x_wconf 81' lang='grc' dir='ltr'><em>δημην.</em></span> 
     </span>
     <span class='ocr_line' id='line_1_18' title="bbox 314 2025 1172 2120; baseline 0.006 -23"><span class='ocrx_word' id='word_1_138' title='bbox 314 2025 383 2115; x_wconf 80' lang='grc' dir='ltr'><em>εἶμι</em></span> <span class='ocrx_word' id='word_1_139' title='bbox 405 2031 465 2115; x_wconf 89' lang='grc' dir='ltr'><em>μέν</em></span> <span class='ocrx_word' id='word_1_140' title='bbox 488 2026 569 2113; x_wconf 72' lang='grc' dir='ltr'><em>(οὐδ’</em></span> <span class='ocrx_word' id='word_1_141' title='bbox 593 2028 670 2119; x_wconf 83' lang='grc' dir='ltr'><em>ἁλίη</em></span> <span class='ocrx_word' id='word_1_142' title='bbox 693 2029 775 2108; x_wconf 90' lang='grc' dir='ltr'><em>δδδς</em></span> <span class='ocrx_word' id='word_1_143' title='bbox 796 2027 930 2098; x_wconf 79' lang='grc' dir='ltr'><em>ἔσσεται</em></span> <span class='ocrx_word' id='word_1_144' title='bbox 952 2025 992 2119; x_wconf 76' lang='grc' dir='ltr'><em>ἢν</em></span> <span class='ocrx_word' id='word_1_145' title='bbox 1014 2029 1172 2120; x_wconf 71' lang='grc' dir='ltr'><em>ἀτορεύω)</em></span> 
     </span>
     <span class='ocr_line' id='line_1_19' title="bbox 313 2129 1158 2221; baseline 0.002 -20"><span class='ocrx_word' id='word_1_146' title='bbox 313 2129 469 2218; x_wconf 77' lang='grc' dir='ltr'><em>ἔμπορος·</em></span> <span class='ocrx_word' id='word_1_147' title='bbox 493 2129 530 2197; x_wconf 83' lang='grc' dir='ltr'><em>ού</em></span> <span class='ocrx_word' id='word_1_148' title='bbox 552 2133 613 2217; x_wconf 76' lang='grc' dir='ltr'><em>τάρ</em></span> <span class='ocrx_word' id='word_1_149' title='bbox 636 2133 711 2219; x_wconf 84' lang='grc' dir='ltr'><em>νηός</em></span> <span class='ocrx_word' id='word_1_150' title='bbox 732 2130 899 2219; x_wconf 74' lang='grc' dir='ltr'><em>ἐπήβολος</em></span> <span class='ocrx_word' id='word_1_151' title='bbox 921 2129 995 2198; x_wconf 83' lang='grc' dir='ltr'><em>ούδ’</em></span> <span class='ocrx_word' id='word_1_152' title='bbox 1017 2133 1158 2221; x_wconf 75' lang='grc' dir='ltr'><em>ἐρετάων</em></span> 
     </span>
     <span class='ocr_line' id='line_1_20' title="bbox 260 2229 1278 2321; baseline 0.006 -19"><span class='ocrx_word' id='word_1_153' title='bbox 260 2264 301 2303; x_wconf 76' lang='grc' dir='ltr'><em>τεο</em></span> <span class='ocrx_word' id='word_1_154' title='bbox 313 2233 483 2317; x_wconf 71' lang='grc' dir='ltr'><em>τίν’νομαι,</em></span> <span class='ocrx_word' id='word_1_155' title='bbox 505 2230 549 2311; x_wconf 82' lang='grc' dir='ltr'><em>ὥς</em></span> <span class='ocrx_word' id='word_1_156' title='bbox 570 2232 606 2297; x_wconf 87' lang='grc' dir='ltr'><em>νύ</em></span> <span class='ocrx_word' id='word_1_157' title='bbox 628 2257 695 2298; x_wconf 88' lang='grc' dir='ltr'><em>ποι·</em></span> <span class='ocrx_word' id='word_1_158' title='bbox 718 2229 818 2316; x_wconf 79' lang='grc' dir='ltr'><em>ύμμιν</em></span> <span class='ocrx_word' id='word_1_159' title='bbox 839 2231 990 2302; x_wconf 77' lang='grc' dir='ltr'><em>ἕεείσατο</em></span> <span class='ocrx_word' id='word_1_160' title='bbox 1012 2236 1142 2321; x_wconf 80' lang='grc' dir='ltr'><em>κέρδιον</em></span> <span class='ocrx_word' id='word_1_161' title='bbox 1164 2233 1278 2308; x_wconf 53' lang='lat' dir='ltr'><em>abac?</em></span> 
     </span>
     <span class='ocr_line' id='line_1_21' title="bbox 356 2329 1219 2422; baseline 0.009 -23"><span class='ocrx_word' id='word_1_162' title='bbox 356 2329 375 2422; x_wconf 72' lang='grc' dir='ltr'><em>ἦ</em></span> <span class='ocrx_word' id='word_1_163' title='bbox 398 2340 453 2422; x_wconf 79' lang='grc' dir='ltr'><em>ῥα,</em></span> <span class='ocrx_word' id='word_1_164' title='bbox 476 2334 532 2399; x_wconf 84' lang='grc' dir='ltr'><em>καὶ</em></span> <span class='ocrx_word' id='word_1_165' title='bbox 555 2333 590 2400; x_wconf 83' lang='grc' dir='ltr'><em>ἐκ</em></span> <span class='ocrx_word' id='word_1_166' title='bbox 611 2333 720 2416; x_wconf 86' lang='grc' dir='ltr'><em>χειρός</em></span> <span class='ocrx_word' id='word_1_167' title='bbox 741 2337 833 2419; x_wconf 81' lang='grc' dir='ltr'><em>χεῖρα</em></span> <span class='ocrx_word' id='word_1_168' title='bbox 856 2332 1002 2401; x_wconf 75' lang='grc' dir='ltr'><em>σπάσατ’</em></span> <span class='ocrx_word' id='word_1_169' title='bbox 1026 2334 1219 2407; x_wconf 83' lang='grc' dir='ltr'><em>Ἀντινόοιο.</em></span> 
     </span>
     <span class='ocr_line' id='line_1_22' title="bbox 314 2431 1120 2521; baseline 0.005 -18"><span class='ocrx_word' id='word_1_170' title='bbox 314 2431 350 2503; x_wconf 75' lang='grc' dir='ltr'><em>οἳ</em></span> <span class='ocrx_word' id='word_1_171' title='bbox 370 2432 400 2502; x_wconf 82' lang='grc' dir='ltr'><em>δ’</em></span> <span class='ocrx_word' id='word_1_172' title='bbox 424 2435 629 2518; x_wconf 73' lang='grc' dir='ltr'><em>ἐπελώβευον</em></span> <span class='ocrx_word' id='word_1_173' title='bbox 650 2433 706 2499; x_wconf 82' lang='grc' dir='ltr'><em>καί</em></span> <span class='ocrx_word' id='word_1_174' title='bbox 728 2433 919 2521; x_wconf 83' lang='grc' dir='ltr'><em>ἐκερτόμεον</em></span> <span class='ocrx_word' id='word_1_175' title='bbox 939 2437 1120 2506; x_wconf 71' lang='grc' dir='ltr'><em>εεπέεσσιν.</em></span> 
     </span>
     <span class='ocr_line' id='line_1_23' title="bbox 314 2530 1094 2626; baseline 0.003 -22"><span class='ocrx_word' id='word_1_176' title='bbox 314 2530 379 2604; x_wconf 82' lang='grc' dir='ltr'><em>ὦδε</em></span> <span class='ocrx_word' id='word_1_177' title='bbox 402 2538 440 2604; x_wconf 86' lang='grc' dir='ltr'><em>δέ</em></span> <span class='ocrx_word' id='word_1_178' title='bbox 461 2562 513 2615; x_wconf 91' lang='grc' dir='ltr'><em>τις</em></span> <span class='ocrx_word' id='word_1_179' title='bbox 533 2535 689 2602; x_wconf 67' lang='grc' dir='ltr'><em>εείπεσκε</em></span> <span class='ocrx_word' id='word_1_180' title='bbox 710 2535 788 2603; x_wconf 90' lang='grc' dir='ltr'><em>νέων</em></span> <span class='ocrx_word' id='word_1_181' title='bbox 810 2533 1094 2626; x_wconf 89' lang='grc' dir='ltr'><em>ὑπερηνορεόντων.</em></span> 
     </span>
     <span class='ocr_line' id='line_1_24' title="bbox 259 2634 1122 2728; baseline 0.006 -24"><span class='ocrx_word' id='word_1_182' title='bbox 259 2634 356 2728; x_wconf 56' lang='grc' dir='ltr'><em>,ὢῆ</em></span> <span class='ocrx_word' id='word_1_183' title='bbox 377 2639 466 2723; x_wconf 84' lang='grc' dir='ltr'><em>μάλα</em></span> <span class='ocrx_word' id='word_1_184' title='bbox 492 2637 678 2727; x_wconf 83' lang='grc' dir='ltr'><em>Τηλέμαχος</em></span> <span class='ocrx_word' id='word_1_185' title='bbox 700 2636 801 2728; x_wconf 93' lang='grc' dir='ltr'><em>φόνον</em></span> <span class='ocrx_word' id='word_1_186' title='bbox 823 2637 902 2727; x_wconf 81' lang='grc' dir='ltr'><em>ἥμιν</em></span> <span class='ocrx_word' id='word_1_187' title='bbox 922 2640 1122 2728; x_wconf 85' lang='grc' dir='ltr'><em>μερμηρίζει.</em></span> 
     </span>
     <span class='ocr_line' id='line_1_25' title="bbox 312 2736 1176 2831; baseline 0.007 -25"><span class='ocrx_word' id='word_1_188' title='bbox 312 2737 334 2831; x_wconf 71' lang='grc' dir='ltr'><em>η’</em></span> <span class='ocrx_word' id='word_1_189' title='bbox 354 2767 447 2820; x_wconf 89' lang='grc' dir='ltr'><em>τινας</em></span> <span class='ocrx_word' id='word_1_190' title='bbox 468 2739 504 2806; x_wconf 85' lang='grc' dir='ltr'><em>ἐκ</em></span> <span class='ocrx_word' id='word_1_191' title='bbox 525 2741 636 2806; x_wconf 77' lang='grc' dir='ltr'><em>Πύλου</em></span> <span class='ocrx_word' id='word_1_192' title='bbox 659 2736 730 2820; x_wconf 80' lang='grc' dir='ltr'><em>ἀξει</em></span> <span class='ocrx_word' id='word_1_193' title='bbox 754 2737 935 2828; x_wconf 72' lang='grc' dir='ltr'><em>ἀμύντορας</em></span> <span class='ocrx_word' id='word_1_194' title='bbox 956 2738 1176 2830; x_wconf 81' lang='grc' dir='ltr'><em>η’μαθόεντος,</em></span> 
     </span>
     <span class='ocr_line' id='line_1_26' title="bbox 312 2839 1232 2934; baseline 0.005 -24"><span class='ocrx_word' id='word_1_195' title='bbox 312 2839 335 2934; x_wconf 73' lang='grc' dir='ltr'><em>ἢ</em></span> <span class='ocrx_word' id='word_1_196' title='bbox 357 2840 375 2910; x_wconf 83' lang='grc' dir='ltr'>ὅ</span> <span class='ocrx_word' id='word_1_197' title='bbox 395 2868 433 2909; x_wconf 77' lang='grc' dir='ltr'><em>νε</em></span> <span class='ocrx_word' id='word_1_198' title='bbox 455 2843 510 2908; x_wconf 84' lang='grc' dir='ltr'><em>καί</em></span> <span class='ocrx_word' id='word_1_199' title='bbox 533 2841 745 2930; x_wconf 79' lang='grc' dir='ltr'><em>Σπάρτηθεν,</em></span> <span class='ocrx_word' id='word_1_200' title='bbox 768 2840 845 2908; x_wconf 83' lang='grc' dir='ltr'><em>ἐπεί</em></span> <span class='ocrx_word' id='word_1_201' title='bbox 866 2842 902 2907; x_wconf 92' lang='grc' dir='ltr'><em>νύ</em></span> <span class='ocrx_word' id='word_1_202' title='bbox 924 2868 987 2927; x_wconf 89' lang='grc' dir='ltr'><em>περ</em></span> <span class='ocrx_word' id='word_1_203' title='bbox 1010 2847 1096 2911; x_wconf 76' lang='grc' dir='ltr'><em>ἵεται</em></span> <span class='ocrx_word' id='word_1_204' title='bbox 1119 2845 1232 2929; x_wconf 81' lang='grc' dir='ltr'><em>αἰνῶς·</em></span> 
     </span>
     <span class='ocr_line' id='line_1_27' title="bbox 312 2940 1136 3034; baseline 0 -23"><span class='ocrx_word' id='word_1_205' title='bbox 312 2942 352 3034; x_wconf 74' lang='grc' dir='ltr'><em>ἠέ</em></span> <span class='ocrx_word' id='word_1_206' title='bbox 374 2947 429 3010; x_wconf 89' lang='grc' dir='ltr'><strong><em>καὶ</em></strong></span> <span class='ocrx_word' id='word_1_207' title='bbox 454 2941 501 3022; x_wconf 80' lang='grc' dir='ltr'><em>εἷς</em></span> <span class='ocrx_word' id='word_1_208' title='bbox 519 2942 656 3032; x_wconf 81' lang='grc' dir='ltr'><em>Ἐφύρην</em></span> <span class='ocrx_word' id='word_1_209' title='bbox 678 2942 804 3023; x_wconf 82' lang='grc' dir='ltr'><em>ἐθέλει,</em></span> <span class='ocrx_word' id='word_1_210' title='bbox 827 2941 962 3030; x_wconf 88' lang='grc' dir='ltr'><em>πίειραν</em></span> <span class='ocrx_word' id='word_1_211' title='bbox 984 2940 1136 3032; x_wconf 67' lang='grc' dir='ltr'><em>ι’ίροινραν,</em></span> 
     </span>
     <span class='ocr_line' id='line_1_28' title="bbox 312 3041 1198 3141; baseline 0.003 -28"><span class='ocrx_word' id='word_1_212' title='bbox 312 3045 437 3122; x_wconf 84' lang='grc' dir='ltr'><em>ἐλθεῖν,</em></span> <span class='ocrx_word' id='word_1_213' title='bbox 460 3041 538 3134; x_wconf 79' lang='grc' dir='ltr'><em>ὄφρ’</em></span> <span class='ocrx_word' id='word_1_214' title='bbox 560 3042 656 3111; x_wconf 83' lang='grc' dir='ltr'><em>ένθεν</em></span> <span class='ocrx_word' id='word_1_215' title='bbox 678 3044 887 3134; x_wconf 72' lang='grc' dir='ltr'><em>θυμοφθόρα</em></span> <span class='ocrx_word' id='word_1_216' title='bbox 908 3043 1057 3135; x_wconf 79' lang='grc' dir='ltr'><em>φάρμακ’</em></span> <span class='ocrx_word' id='word_1_217' title='bbox 1080 3047 1198 3141; x_wconf 78' lang='grc' dir='ltr'><em>ἐνείκῃ,</em></span> 
     </span>
     <span class='ocr_line' id='line_1_29' title="bbox 260 3144 1189 3241; baseline 0.002 -26"><span class='ocrx_word' id='word_1_218' title='bbox 260 3177 300 3215; x_wconf 76' lang='grc' dir='ltr'><em>τεο</em></span> <span class='ocrx_word' id='word_1_219' title='bbox 313 3146 347 3215; x_wconf 93' lang='grc' dir='ltr'><em>ἐν</em></span> <span class='ocrx_word' id='word_1_220' title='bbox 369 3147 404 3213; x_wconf 82' lang='grc' dir='ltr'><em>δὲ</em></span> <span class='ocrx_word' id='word_1_221' title='bbox 426 3146 510 3235; x_wconf 79' lang='grc' dir='ltr'><em>βάλη</em></span> <span class='ocrx_word' id='word_1_222' title='bbox 534 3148 666 3235; x_wconf 80' lang='grc' dir='ltr'><em>κρητῆρι</em></span> <span class='ocrx_word' id='word_1_223' title='bbox 689 3145 744 3211; x_wconf 84' lang='grc' dir='ltr'><em>καὶ</em></span> <span class='ocrx_word' id='word_1_224' title='bbox 767 3144 871 3234; x_wconf 74' lang='grc' dir='ltr'><em>ἡμέας</em></span> <span class='ocrx_word' id='word_1_225' title='bbox 892 3147 1019 3228; x_wconf 89' lang='grc' dir='ltr'><em>πάντας</em></span> <span class='ocrx_word' id='word_1_226' title='bbox 1041 3145 1189 3241; x_wconf 79' lang='grc' dir='ltr'><em>ἀλέσση.”</em></span> 
     </span>
     <span class='ocr_line' id='line_1_30' title="bbox 354 3240 1146 3336; baseline 0.004 -21"><span class='ocrx_word' id='word_1_227' title='bbox 354 3245 452 3327; x_wconf 80' lang='grc' dir='ltr'><em>ἀλλος</em></span> <span class='ocrx_word' id='word_1_228' title='bbox 474 3246 504 3314; x_wconf 82' lang='grc' dir='ltr'><em>δ’</em></span> <span class='ocrx_word' id='word_1_229' title='bbox 529 3240 569 3313; x_wconf 81' lang='grc' dir='ltr'><em>αὖ</em></span> <span class='ocrx_word' id='word_1_230' title='bbox 590 3245 746 3314; x_wconf 68' lang='grc' dir='ltr'><em>εείπεσκε</em></span> <span class='ocrx_word' id='word_1_231' title='bbox 767 3247 846 3313; x_wconf 87' lang='grc' dir='ltr'><em>νέων</em></span> <span class='ocrx_word' id='word_1_232' title='bbox 866 3244 1146 3336; x_wconf 79' lang='grc' dir='ltr'><em>ὑπερηνορεόντων</em></span> 
     </span>
     <span class='ocr_line' id='line_1_31' title="bbox 308 3344 1199 3443; baseline 0.006 -27"><span class='ocrx_word' id='word_1_233' title='bbox 308 3346 384 3429; x_wconf 79' lang='grc' dir='ltr'><em>“τίς</em></span> <span class='ocrx_word' id='word_1_234' title='bbox 404 3346 493 3416; x_wconf 59' lang='grc' dir='ltr'><em>τοῖό)</em></span> <span class='ocrx_word' id='word_1_235' title='bbox 517 3347 551 3416; x_wconf 81' lang='grc' dir='ltr'><em>εἴ</em></span> <span class='ocrx_word' id='word_1_236' title='bbox 570 3374 605 3415; x_wconf 91' lang='grc' dir='ltr'><em>κε</em></span> <span class='ocrx_word' id='word_1_237' title='bbox 626 3348 683 3413; x_wconf 81' lang='grc' dir='ltr'><em>καὶ</em></span> <span class='ocrx_word' id='word_1_238' title='bbox 707 3344 806 3427; x_wconf 78' lang='grc' dir='ltr'><em>αὐτός</em></span> <span class='ocrx_word' id='word_1_239' title='bbox 828 3344 886 3413; x_wconf 81' lang='grc' dir='ltr'><em>ίιδν</em></span> <span class='ocrx_word' id='word_1_240' title='bbox 907 3348 1020 3439; x_wconf 85' lang='grc' dir='ltr'><em>κοίλης</em></span> <span class='ocrx_word' id='word_1_241' title='bbox 1040 3350 1100 3417; x_wconf 85' lang='grc' dir='ltr'><em>ἐπὶ</em></span> <span class='ocrx_word' id='word_1_242' title='bbox 1122 3354 1199 3443; x_wconf 83' lang='grc' dir='ltr'><em>νηός</em></span> 
     </span>
     <span class='ocr_line' id='line_1_32' title="bbox 310 3446 1251 3541; baseline 0.005 -23"><span class='ocrx_word' id='word_1_243' title='bbox 310 3454 388 3540; x_wconf 82' lang='grc' dir='ltr'><em>τηλε</em></span> <span class='ocrx_word' id='word_1_244' title='bbox 410 3450 515 3541; x_wconf 91' lang='grc' dir='ltr'><em>φίλων</em></span> <span class='ocrx_word' id='word_1_245' title='bbox 537 3446 704 3537; x_wconf 88' lang='grc' dir='ltr'><em>ἀπόληται</em></span> <span class='ocrx_word' id='word_1_246' title='bbox 729 3447 893 3533; x_wconf 86' lang='grc' dir='ltr'><em>ἀλώμενος</em></span> <span class='ocrx_word' id='word_1_247' title='bbox 914 3448 960 3531; x_wconf 81' lang='grc' dir='ltr'><em>δίς</em></span> <span class='ocrx_word' id='word_1_248' title='bbox 983 3478 1044 3537; x_wconf 86' lang='grc' dir='ltr'><em>περ</em></span> <span class='ocrx_word' id='word_1_249' title='bbox 1064 3450 1251 3537; x_wconf 64' lang='grc' dir='ltr'><em>Ὀδυσσεύς·</em></span> 
     </span>
     <span class='ocr_line' id='line_1_33' title="bbox 313 3549 1148 3640; baseline 0.004 -21"><span class='ocrx_word' id='word_1_250' title='bbox 313 3551 397 3619; x_wconf 68' lang='grc' dir='ltr'><em>οὑτω</em></span> <span class='ocrx_word' id='word_1_251' title='bbox 420 3577 473 3619; x_wconf 91' lang='grc' dir='ltr'><em>κεν</em></span> <span class='ocrx_word' id='word_1_252' title='bbox 494 3552 551 3618; x_wconf 93' lang='grc' dir='ltr'><em>καὶ</em></span> <span class='ocrx_word' id='word_1_253' title='bbox 572 3553 695 3635; x_wconf 87' lang='grc' dir='ltr'><em>μᾶλλον</em></span> <span class='ocrx_word' id='word_1_254' title='bbox 717 3549 886 3640; x_wconf 87' lang='grc' dir='ltr'><em>όφέλλειεν</em></span> <span class='ocrx_word' id='word_1_255' title='bbox 907 3552 1009 3620; x_wconf 90' lang='grc' dir='ltr'><em>πόνον</em></span> <span class='ocrx_word' id='word_1_256' title='bbox 1031 3552 1148 3640; x_wconf 81' lang='grc' dir='ltr'><em>ἀμμιν·</em></span> 
     </span>
     <span class='ocr_line' id='line_1_34' title="bbox 259 3652 1278 3744; baseline 0.003 -21"><span class='ocrx_word' id='word_1_257' title='bbox 259 3685 299 3724; x_wconf 72' lang='grc' dir='ltr'><em>τοι</em></span> <span class='ocrx_word' id='word_1_258' title='bbox 313 3655 461 3744; x_wconf 71' lang='grc' dir='ltr'><em>κτήματα</em></span> <span class='ocrx_word' id='word_1_259' title='bbox 482 3654 545 3740; x_wconf 76' lang='grc' dir='ltr'><em>τάρ</em></span> <span class='ocrx_word' id='word_1_260' title='bbox 568 3678 621 3719; x_wconf 89' lang='grc' dir='ltr'><em>κεν</em></span> <span class='ocrx_word' id='word_1_261' title='bbox 642 3652 751 3719; x_wconf 86' lang='grc' dir='ltr'><em>πάντα</em></span> <span class='ocrx_word' id='word_1_262' title='bbox 774 3654 982 3739; x_wconf 86' lang='grc' dir='ltr'><em>δασαίμεθα,</em></span> <span class='ocrx_word' id='word_1_263' title='bbox 1004 3656 1119 3723; x_wconf 69' lang='grc' dir='ltr'><em>εοικία</em></span> <span class='ocrx_word' id='word_1_264' title='bbox 1141 3656 1177 3724; x_wconf 75' lang='grc' dir='ltr'><em>δ’</em></span> <span class='ocrx_word' id='word_1_265' title='bbox 1201 3654 1278 3726; x_wconf 79' lang='grc' dir='ltr'><em>αὑτε</em></span> 
     </span>
     <span class='ocr_line' id='line_1_35' title="bbox 312 3752 1185 3845; baseline 0.005 -24"><span class='ocrx_word' id='word_1_266' title='bbox 312 3757 428 3822; x_wconf 83' lang='grc' dir='ltr'><em>τούτου</em></span> <span class='ocrx_word' id='word_1_267' title='bbox 449 3756 562 3843; x_wconf 83' lang='grc' dir='ltr'><em>μητέρι</em></span> <span class='ocrx_word' id='word_1_268' title='bbox 586 3758 699 3840; x_wconf 84' lang='grc' dir='ltr'><em>δοῖμεν</em></span> <span class='ocrx_word' id='word_1_269' title='bbox 720 3752 805 3839; x_wconf 80' lang='grc' dir='ltr'><em>ἔχειν</em></span> <span class='ocrx_word' id='word_1_270' title='bbox 828 3754 885 3845; x_wconf 64' lang='grc' dir='ltr'><em>η’δ)</em></span> <span class='ocrx_word' id='word_1_271' title='bbox 908 3758 945 3838; x_wconf 85' lang='grc' dir='ltr'><em>ός</em></span> <span class='ocrx_word' id='word_1_272' title='bbox 966 3784 1018 3837; x_wconf 83' lang='grc' dir='ltr'><em>τις</em></span> <span class='ocrx_word' id='word_1_273' title='bbox 1040 3756 1185 3826; x_wconf 84' lang='grc' dir='ltr'><em>όπτίοι.”</em></span> 
     </span>
     <span class='ocr_line' id='line_1_36' title="bbox 355 3850 1346 3950; baseline 0.003 -26"><span class='ocrx_word' id='word_1_274' title='bbox 355 3850 399 3938; x_wconf 84' lang='grc' dir='ltr'><em>ὦς</em></span> <span class='ocrx_word' id='word_1_275' title='bbox 420 3856 498 3948; x_wconf 91' lang='grc' dir='ltr'><em>φάν,</em></span> <span class='ocrx_word' id='word_1_276' title='bbox 522 3851 542 3922; x_wconf 79' lang='grc' dir='ltr'><em>δ</em></span> <span class='ocrx_word' id='word_1_277' title='bbox 564 3855 595 3923; x_wconf 81' lang='grc' dir='ltr'><em>δ’</em></span> <span class='ocrx_word' id='word_1_278' title='bbox 617 3857 790 3946; x_wconf 73' lang='grc' dir='ltr'><em>ὑψόροφον</em></span> <span class='ocrx_word' id='word_1_279' title='bbox 812 3859 967 3941; x_wconf 86' lang='grc' dir='ltr'><em>θάλαμον</em></span> <span class='ocrx_word' id='word_1_280' title='bbox 988 3859 1185 3946; x_wconf 74' lang='grc' dir='ltr'><em>κατεβήσετο</em></span> <span class='ocrx_word' id='word_1_281' title='bbox 1207 3861 1346 3950; x_wconf 91' lang='grc' dir='ltr'><em>πατρός,</em></span> 
     </span>
     <span class='ocr_line' id='line_1_37' title="bbox 313 3957 1106 4048; baseline -0.001 -20"><span class='ocrx_word' id='word_1_282' title='bbox 313 3958 417 4048; x_wconf 84' lang='grc' dir='ltr'><em>εύρύν,</em></span> <span class='ocrx_word' id='word_1_283' title='bbox 441 3958 503 4026; x_wconf 86' lang='grc' dir='ltr'><em>ὅθι</em></span> <span class='ocrx_word' id='word_1_284' title='bbox 527 3960 622 4046; x_wconf 87' lang='grc' dir='ltr'><em>νητὸς</em></span> <span class='ocrx_word' id='word_1_285' title='bbox 642 3961 759 4044; x_wconf 82' lang='grc' dir='ltr'><em>χρισδς</em></span> <span class='ocrx_word' id='word_1_286' title='bbox 779 3960 836 4024; x_wconf 82' lang='grc' dir='ltr'><em>καί</em></span> <span class='ocrx_word' id='word_1_287' title='bbox 858 3960 977 4042; x_wconf 88' lang='grc' dir='ltr'><em>χαλκὸς</em></span> <span class='ocrx_word' id='word_1_288' title='bbox 998 3957 1106 4028; x_wconf 75' lang='grc' dir='ltr'><em>ἔκειτο</em></span> 
     </span>
     <span class='ocr_line' id='line_1_38' title="bbox 313 4057 1161 4150; baseline 0.004 -22"><span class='ocrx_word' id='word_1_289' title='bbox 313 4061 440 4150; x_wconf 66' lang='grc' dir='ltr'><em>εεσθης</em></span> <span class='ocrx_word' id='word_1_290' title='bbox 463 4057 493 4127; x_wconf 75' lang='grc' dir='ltr'><em>τ’</em></span> <span class='ocrx_word' id='word_1_291' title='bbox 515 4060 549 4128; x_wconf 82' lang='grc' dir='ltr'><em>ἕν</em></span> <span class='ocrx_word' id='word_1_292' title='bbox 569 4062 708 4150; x_wconf 80' lang='grc' dir='ltr'><em>χηλοῖσι,</em></span> <span class='ocrx_word' id='word_1_293' title='bbox 731 4061 826 4141; x_wconf 66' lang='grc' dir='ltr'><em>,τάλις</em></span> <span class='ocrx_word' id='word_1_294' title='bbox 846 4059 877 4128; x_wconf 76' lang='grc' dir='ltr'><em>τ&gt;</em></span> <span class='ocrx_word' id='word_1_295' title='bbox 901 4059 1020 4142; x_wconf 72' lang='grc' dir='ltr'><em>εὑῶδες</em></span> <span class='ocrx_word' id='word_1_296' title='bbox 1042 4060 1161 4131; x_wconf 78' lang='grc' dir='ltr'><em>ἔλαιον.</em></span> 
     </span>
     <span class='ocr_line' id='line_1_39' title="bbox 260 4162 1076 4254; baseline -0.004 -20"><span class='ocrx_word' id='word_1_297' title='bbox 260 4196 300 4234; x_wconf 74' lang='grc' dir='ltr'><em>τω</em></span> <span class='ocrx_word' id='word_1_298' title='bbox 314 4164 347 4233; x_wconf 83' lang='grc' dir='ltr'><em>ἐν</em></span> <span class='ocrx_word' id='word_1_299' title='bbox 370 4164 406 4230; x_wconf 76' lang='grc' dir='ltr'><em>δέ·</em></span> <span class='ocrx_word' id='word_1_300' title='bbox 427 4164 528 4231; x_wconf 89' lang='grc' dir='ltr'><em>πίθοι</em></span> <span class='ocrx_word' id='word_1_301' title='bbox 553 4162 679 4230; x_wconf 68' lang='grc' dir='ltr'><em>εοίνοιο</em></span> <span class='ocrx_word' id='word_1_302' title='bbox 703 4165 849 4231; x_wconf 75' lang='grc' dir='ltr'><em>παλαιοί·</em></span> <span class='ocrx_word' id='word_1_303' title='bbox 870 4166 1076 4254; x_wconf 71' lang='grc' dir='ltr'><em>,εηδιπότοιο</em></span> 
     </span>
    </p>
   </div>
   <div class='ocr_carea' id='block_1_3' title="bbox 347 4389 1113 4463">
    <p class='ocr_par' dir='ltr' id='par_1_3' title="bbox 347 4389 1113 4463">
     <span class='ocr_line' id='line_1_40' title="bbox 347 4389 1113 4463; baseline 0.008 -22"><span class='ocrx_word' id='word_1_304' title='bbox 347 4392 396 4442; x_wconf 81' lang='grc'><em>322</em></span> <span class='ocrx_word' id='word_1_305' title='bbox 414 4392 487 4459; x_wconf 77' lang='grc' dir='ltr'><em>ῥεῖα·</em></span> <span class='ocrx_word' id='word_1_306' title='bbox 498 4393 651 4461; x_wconf 78' lang='grc' dir='ltr'><em>μνηστῆρες</em></span> <span class='ocrx_word' id='word_1_307' title='bbox 664 4392 692 4442; x_wconf 74' lang='grc' dir='ltr'><em>δλ</em></span> <span class='ocrx_word' id='word_1_308' title='bbox 707 4389 798 4463; x_wconf 82' lang='grc' dir='ltr'><em>δόμον</em></span> <span class='ocrx_word' id='word_1_309' title='bbox 809 4389 878 4444; x_wconf 83' lang='grc' dir='ltr'><em>κάτα</em></span> <span class='ocrx_word' id='word_1_310' title='bbox 891 4392 973 4444; x_wconf 76' lang='grc' dir='ltr'><em>δαῖτα</em></span> <span class='ocrx_word' id='word_1_311' title='bbox 987 4399 1113 4449; x_wconf 70' lang='grc' dir='ltr'><em>πένοιτο.</em></span> 
     </span>
    </p>
   </div>
   <div class='ocr_carea' id='block_1_4' title="bbox 0 0 1474 5024">
    <p class='ocr_par' dir='ltr' id='par_1_4' title="bbox 0 0 1474 5024">
     <span class='ocr_line' id='line_1_41' title="bbox 0 0 1474 5024; baseline 0 0"><span class='ocrx_word' id='word_1_312' title='bbox 0 0 1474 5024; x_wconf 95' lang='lat' dir='ltr'><em> </em></span> 
     </span>
    </p>
   </div>
  </div>
 </body>
</html>
