2894 5024
196 283 240 348 92
572 284 596 332 τ.
631 279 874 333 omnm
892 281 918 332 11

196 440 285 514 τοῖος
306 433 367 503 έών
389 426 461 514 ολός
480 433 570 513 ἐσσι,
595 432 639 499 τά
659 457 696 501 τε
718 431 865 524 φρονέων
886 432 909 500 δι’
929 429 960 500 τ’
982 429 1049 500 ἐτιό
1070 455 1150 518 περ,

197 535 306 603 παῖδά
327 533 358 603 τ’
381 534 462 625 ἐμήν
483 533 595 618 ἐχέμεν
615 533 672 601 καὶ
694 534 774 620 ἐμδς
794 535 942 623 ταμβρδς
963 533 1148 602 καλέεσθαι

199 630 286 705 αδθι
306 636 424 722 μένων·
445 642 557 704 τοῖκον
579 635 617 703 δέ
637 631 670 702 κ’
691 635 756 704 ἐτιδ
778 635 837 703 καί
857 635 1009 726 κτήματα
1031 633 1139 725 δοίην,

145 767 184 808 ειε
199 735 235 806 εἰ’
252 735 282 804 κ’
306 738 432 806 ἐθέλων
451 764 490 806 τε
510 738 628 824 μένοις.
672 734 833 806 α’τέκοντα
856 740 894 806 δέ
915 735 948 807 α’
972 732 1010 807 εἶν’
1030 764 1084 818 τις
1104 733 1211 824 ἐράξει

202 839 371 929 Φαιήκων·
393 843 437 931 μή
460 848 557 909 τοῦτο
578 838 674 930 φίλον
695 842 758 908 Διὶ
779 839 884 928 πατρὶ
904 838 1044 908 πένοιτο.

199 940 341 1030 πομπήν
362 938 393 1007 δ’
417 941 451 1022 ἐς
471 939 547 1011 τόδ’
569 941 635 1009 ἐπιδ
656 940 889 1030 τεκμαίρομαι,
913 938 990 1032 ὄφρ’
1013 941 1049 1009 ἐδ
1070 935 1198 1029 τειδῇς,

200 1038 315 1130 α’όριον
335 1038 383 1123 ές·
404 1044 508 1132 τῆμος
529 1042 567 1111 δὲ
588 1044 627 1112 οδ
648 1044 709 1129 μὲν
731 1043 933 1135 δεδμημένος
953 1041 1046 1132 ῧπνηι

199 1143 321 1224 λέξεαι,
345 1140 381 1210 οἳ
398 1141 430 1210 δ’
452 1143 572 1212 ἐλόωσι
592 1144 746 1234 ταλήνην,
770 1140 849 1235 ὄφρ’
872 1139 913 1210 δίν
934 1146 1029 1233 ἵκηαι

147 1276 187 1315 ειο
200 1242 348 1330 πατρίδα
369 1246 429 1334 σήν
449 1245 507 1312 καὶ
529 1247 639 1331 δῶμα,
663 1246 720 1313 καί
742 1242 779 1313 εἴ
796 1245 865 1313 ποό
884 1271 939 1313 τοι
961 1242 1060 1335 φίλον
1081 1239 1185 1326 ἐστίν,

200 1341 236 1411 εἴ
254 1368 317 1429 περ
338 1344 396 1411 καὶ
417 1345 509 1427 μάλα
530 1346 654 1413 πολλόν
675 1343 838 1436 ἑκαστέρω
860 1342 929 1414 ἐστ’
949 1342 1115 1437 Ἔνβοίης,

199 1446 258 1535 τήν
279 1470 342 1533 περ
363 1447 532 1535 τηλοτάτω
551 1444 637 1544 φάσ’
658 1444 796 1532 ἔμμεναι
819 1449 855 1514 ολ
873 1472 911 1514 τε
931 1444 1064 1516 τίδοντο

200 1550 287 1614 λαῶν
307 1543 484 1636 ἡμετέρων,
508 1548 565 1616 ὅτε
584 1573 621 1616 τε
642 1551 767 1630 ξανθόν
783 1547 1014 1635 Ῥαδάμανθυν

200 1642 279 1738 ἦτον
300 1647 510 1738 ἐποψόμενον
537 1650 657 1718 Τιτυδν
679 1634 822 1740 Γαιήιον
843 1647 922 1718 υίόν.

151 1782 191 1823 ιτε
204 1751 262 1818 καί
283 1751 342 1835 μὲν
363 1748 398 1818 οἳ
415 1747 489 1818 ἐνθ’
511 1745 632 1841 ήλθον,
653 1750 711 1819 καὶ
734 1747 810 1842 άτερ
831 1750 998 1836 καμάτοιο
1018 1751 1175 1818 τέλεσσαν

201 1849 304 1942 ήματι
325 1854 373 1941 τῷ
395 1849 497 1941 αὐτῷ,
520 1856 578 1923 καὶ
600 1852 772 1945 άπήνυσαν
792 1852 908 1923 οἴκαδ’
930 1852 1073 1923 ὀπίσσω.

201 1953 369 2043 τειδήσεις
390 1956 428 2022 δέ
448 1958 505 2026 καὶ
528 1955 627 2039 αι’τός
648 1957 696 2026 ένὶ
719 1958 835 2047 φρεσὶν
857 1955 957 2025 ὅσσον
979 1955 1117 2045 άρισται

202 2058 275 2145 νῆες
295 2055 374 2140 ἐμαὶ
395 2058 452 2125 καὶ
474 2061 587 2148 κοῦροι
610 2057 824 2145 άναρρίπτειν
846 2058 911 2126 ἅλα
933 2054 1061 2150 πηδῷ.”

246 2149 291 2237 ὦς
311 2157 414 2247 φάτο,
436 2160 583 2248 τήθησεν
605 2161 644 2227 δὲ
665 2160 827 2240 πολύτλας
849 2162 921 2241 δῖος
940 2157 1126 2240 Ὀδυσσεύς,

151 2295 191 2334 „0
205 2256 374 2343 εὐχόμενος
396 2257 429 2326 δ’
452 2257 516 2346 δίρα
536 2267 646 2342 τεῖπε,
668 2261 773 2341 τέπος
792 2258 824 2328 τ’
847 2258 944 2352 ἔφατ’
966 2259 1003 2330 ἐκ
1024 2256 1245 2346 τ’·όνόμαζεν.

200 2357 219 2385 “
227 2361 296 2426 Ζεῦ
317 2360 437 2446 πάτερ,
462 2359 533 2430 εἴθ’
558 2360 622 2429 όσα
642 2369 740 2429 τεῐπε
760 2363 980 2453 τελεκτήσειεν
1001 2361 1135 2430 ἅπαντα

204 2459 387 2542 Ἀλκίνοος·
409 2464 465 2529 τοῦ
485 2462 544 2545 μέν
564 2487 619 2529 κεν
639 2461 699 2530 ἐπὶ
723 2461 877 2548 ζείδωρον
899 2458 1040 2552 δίροοραν

206 2559 367 2648 ἄσβεστον
386 2562 478 2644 κλέος
501 2561 565 2654 εἴη,
588 2563 652 2632 ἐτολ
675 2563 713 2631 δέ
732 2589 770 2630 κε
792 2562 930 2654 πατρίδ’
953 2561 1108 2654 λκοίμην.”

248 2656 293 2744 ὦς
314 2659 348 2731 οἳ
365 2663 424 2748 μέν
444 2669 585 2733 τοιαῦτα
608 2667 692 2754 πρός
714 2662 874 2753 άλλήλονς
896 2665 1066 2754 άτόρευον,

156 2796 196 2837 ιεε
210 2766 341 2835 κέκλετο
363 2764 394 2835 δ’
416 2764 536 2858 Ἀρήτη
558 2767 754 2849 λευκώλενος
775 2765 1021 2859 ἀμφιπόλοισιν

208 2866 317 2955 δέμνι’
340 2866 399 2937 ὕπ’
422 2868 566 2961 αἰθούσῃ
587 2872 728 2956 θέμεναι
750 2871 809 2937 καὶ
831 2870 932 2960 ρήτεα
952 2870 1038 2936 καλά

208 2969 369 3060 πορφύρε’
391 2971 575 3058 ἐμβαλέειν,
598 2973 754 3060 πορίσαι
777 2968 808 3038 τ’
830 2970 1003 3061 ἐφύπερθε
1024 2969 1188 3059 τάπητας,

208 3071 342 3155 χλαίνας
360 3070 392 3140 τ’
415 3073 591 3159 ἐνθέμεναι
612 3075 731 3154 τοόλας
752 3072 954 3161 καθύπερθε
974 3072 1154 3141 τέσασθαι.

212 3169 252 3240 αἳ
271 3171 303 3241 δ’
325 3171 402 3242 λ’σαν
423 3174 459 3242 ἐκ
480 3175 641 3261 μετάρσια
663 3175 745 3255 δάος
765 3174 849 3261 μετά
870 3175 980 3264 χερσὶν
1000 3172 1148 3257 ἔχουσαι·

157 3312 197 3351 ³⁴0
211 3272 311 3364 αὐτάρ
333 3274 410 3342 ἐπεὶ
432 3276 590 3363 στόρεσαν
611 3276 748 3343 πυκινόν
769 3275 862 3359 λέχος
883 3275 1105 3356 ἐτκονέουσαι,

210 3374 351 3463 ὤτρυνον
369 3373 511 3465 Ὀδυσῆα
533 3376 781 3462 παριστάμεναι
802 3376 984 3445 τεπέεσσιν.

204 3475 312 3566 “όρσο
334 3476 430 3559 κέων,
453 3471 480 3544 ιδ
502 3479 599 3560 ξεῖνε·
621 3477 807 3567 πεποίηται
829 3478 867 3547 δέ
885 3504 939 3547 τοι
961 3476 1065 3569 εδνή.”

210 3572 255 3661 ὦς
276 3581 360 3670 φάν,
384 3582 432 3668 τῷ
456 3577 491 3646 δ’
514 3576 689 3648 άσπαστδν
710 3578 860 3648 ἐνεείσατο
881 3583 1097 3672 κοιμηθῆναι.

252 3674 297 3761 ὥς
320 3678 338 3749 ὃ
359 3681 418 3766 μὲν
441 3678 526 3748 ἔνθα
547 3682 694 3749 καθεῦδε
715 3681 880 3762 πολάτλας
901 3685 973 3764 δῖος
991 3679 1165 3762 Ὀδυσσεύς

156 3788 338 3873 ειετρητοῖς
359 3782 393 3850 ἐν
414 3783 580 3868 λεχέεσσιν
601 3780 660 3850 ὑπ’
683 3781 826 3873 αἶθοίση
849 3783 1033 3872 ἐριδούπῳ·

212 3883 380 3965 Ἀλκίνοος
402 3883 437 3951 δ’
460 3882 525 3971 άρα
546 3885 641 3953 λέκτο
661 3887 754 3973 μυχῷ
774 3885 878 3967 δόμου
899 3882 1059 3976 ὑψηλοῖο,
1120 3934 1124 3941 -

212 3991 280 4077 πάρ
304 3989 340 4054 δὲ
362 3989 439 4076 τυνή
463 3987 626 4055 δέσποινα
647 3984 741 4067 λέχος
762 3984 905 4071 πόρσυνε
925 3987 982 4053 καὶ
1005 3982 1105 4075 εόνήν.
1171 4034 1175 4039 ·

172 4101 194 4161 8
254 4085 337 4178 ἦμος
359 4088 389 4156 δ’
415 4086 580 4177 η’ριτὲνεια
602 4087 689 4178 φάνη
713 4086 951 4173 ῥοδοδάκτυλος
969 4085 1070 4167 Ἠώς,
1332 4084 1360 4136 θ

212 4188 323 4278 ὤρνυτ’
348 4188 403 4279 ἄρ’
424 4190 462 4270 ἐξ
482 4188 573 4280 εόνής
595 4188 681 4274 ἱερόν
701 4186 796 4271 μένος
819 4185 1020 4269 Ἀλκινόοιο,

213 4288 253 4359 δν
275 4289 307 4359 δ’
331 4287 395 4378 άρα
417 4294 569 4379 διοτενής
589 4285 675 4376 ὦρτο
697 4289 929 4375 πτολίπορθος
947 4286 1129 4365 Ὀδυσσεύς.

212 4398 320 4462 τοῖσιν
341 4391 374 4459 δ’
397 4389 567 4481 ήτεμόνευ’
590 4388 678 4476 ἱερόν
697 4393 794 4474 μένος
814 4387 1002 4457 Ἀλκινόοιο
