2858 5026
482 263 521 308 ιι.
546 247 848 310 'mmmm

36 433 39 439 ·
107 406 192 476 “κυι“
214 410 285 500 λίην
305 407 394 499 κείνη
416 411 564 495 τεμένει
585 409 734 500 τετληότι
756 412 856 498 θυμῷ

111 515 219 579 σοῖσιν
240 511 287 578 ἐνὶ
308 512 515 602 μετάροισιν·
539 509 667 602 ὀιζυραὶ
690 511 728 579 δέ
747 536 802 578 τοι
825 509 893 578 αίεί

111 609 291 700 φθίνουσιν
312 611 423 692 νύκτες
444 639 480 680 τε
501 613 558 680 καί
578 609 690 702 ἤματα
713 610 815 697 δάκρυ
836 609 963 699 χεούσῃ.

110 714 167 780 σόν
189 710 221 781 δ’
245 710 287 782 ού
304 714 361 781 πιύ
381 740 433 794 τις
456 712 523 797 ἔχει
544 715 644 782 καλὸν
664 713 775 803 τέρας,
799 710 882 779 ἀλλὰ
903 713 1038 801 εέκηλος

56 843 96 882 ιιι
114 815 304 904 Τηλέμαχος
325 815 460 900 τεμένεα
481 816 611 901 νέμεται
632 816 690 882 καὶ
712 817 828 894 δαῖτας
849 812 963 894 ἐείσας

111 914 275 999 δαίνυται,
299 912 339 996 δίς
359 917 516 985 έπέεοικε
539 914 744 984 δικασπόλον
765 912 858 1006 ἀνδρ’
881 911 1058 984 ἀλετύνειν·

110 1015 232 1096 πάντες
251 1018 314 1106 τάρ
336 1017 500 1087 καλέουσι.
544 1020 654 1108 πατήρ
677 1018 714 1086 δὲ
736 1018 793 1098 σὸς
816 1014 940 1084 αύτόθι
961 1016 1074 1102 μίμνει

111 1116 215 1206 ἀτρηῖ,
239 1117 316 1187 ούδέ
338 1120 478 1187 πόλινδε
497 1121 699 1210 κατέρχεται.
746 1117 824 1186 ούδέ
844 1144 899 1186 τοι
922 1115 1012 1186 εόναί

111 1219 229 1304 δέμνια
251 1220 308 1287 καὶ
328 1222 458 1302 χλαῖναι
480 1221 537 1288 καὶ
559 1221 658 1311 ῥήτεα
681 1220 889 1302 σιταλόεντα,

57 1350 97 1389 190
111 1317 180 1388 ἀλλ’
204 1319 222 1388 ό
242 1347 280 1388 τε
300 1327 397 1407 χεῖμα
418 1323 479 1407 μέν
500 1320 588 1391 εύδει
612 1323 672 1391 ὅθι
696 1325 802 1408 δμῶες
823 1323 871 1390 ε’νὶ
892 1320 1011 1410 εοίκῳ,

111 1422 144 1488 ἐν
165 1422 237 1490 κόνι
252 1418 337 1506 ’ἀτχι
358 1423 474 1512 πυρός,
498 1425 584 1491 κακὰ
605 1424 643 1492 δέ
662 1424 738 1513 χροὶ·
756 1421 896 1508 τείματα
916 1427 1038 1490 τεῖται·

111 1519 212 1613 αύτάρ
234 1523 318 1612 ἐπήν
339 1524 463 1613 ἔλθῃσι
485 1525 586 1614 θέρος
605 1524 768 1592 τεθαλυῖά
789 1521 820 1591 τ’
844 1521 975 1613 ὀπιύρη,

35 1656 38 1661 ’
111 1624 219 1714 πάντῃ
241 1650 297 1692 τοι
319 1627 404 1692 κατά
425 1628 540 1694 τουνὸν
562 1625 671 1716 ἀλωῆς
691 1626 904 1695 εοινοπέδοιο

111 1728 241 1817 φύλλων
261 1728 457 1813 κεκλιμένων
477 1729 652 1814 χθαμαλαὶ
673 1728 854 1816 βεβλήαται
876 1725 975 1795 εύναί.

57 1855 98 1895 τοι
112 1825 185 1896 ἐνθ’
209 1827 229 1896 ὅ
249 1855 286 1896 τε
308 1826 391 1896 κεῖτ’
413 1827 528 1912 ἀχέων,
551 1830 637 1915 μέτα
660 1829 697 1897 δὲ
719 1829 816 1920 φρεσί
839 1828 966 1908 πένθος
987 1825 1074 1909 ἀέξει

112 1931 169 1998 σὸν
190 1931 304 1998 νόστον
325 1931 479 1999 ποθέων·
501 1922 644 2015 χαλεπόν
666 1928 699 1998 δ’
721 1930 779 1997 ἐπὶ
800 1938 904 2020 τῆρας
927 1926 1040 1997 ῖκάνει.

112 2031 196 2100 οὕτω
217 2033 280 2121 τάρ
302 2033 360 2099 καί
383 2032 464 2100 έτιύν
486 2030 608 2123 ὀλόμην
629 2033 686 2099 καὶ
709 2031 835 2116 πότμον
856 2031 1016 2099 ἐπέσπον·

112 2130 182 2200 ούτ’
204 2132 263 2217 ἐμέ
282 2130 316 2199 τ’
338 2134 371 2200 ἐν
392 2135 587 2226 μετάροισιν
607 2134 771 2213 ἐύσκοπος
793 2131 944 2218 ἰοχέαιρα

111 2239 183 2314 τοῖς
205 2231 338 2315 ἀτανοῖς
359 2235 529 2321 βελέεσσιν
550 2234 746 2324 ἐποιχομένη
769 2233 982 2324 κατέπεφνεν,

59 2370 99 2410 ιω
114 2333 188 2405 ούτε
208 2360 260 2416 τις
281 2329 337 2403 οὖν
357 2361 417 2421 μοι
437 2339 550 2416 νοῦσος
571 2337 751 2426 ἐπήλυθεν,
775 2334 796 2424 ή
816 2361 852 2402 τε
872 2335 1017 2419 μάλιστα

109 2436 260 2528 τηκεδόνι
281 2446 419 2528 οτυτερῇ
439 2439 563 2523 μελέων
584 2436 725 2519 ἐξείλετο
746 2436 871 2522 θυμόν·

110 2535 195 2606 ἀλλά
215 2564 258 2624 με
279 2539 338 2619 σός
358 2565 394 2607 τε
415 2540 528 2620 πόθος
549 2540 593 2608 οά
614 2566 650 2607 τε
671 2539 792 2629 μήδεα,
816 2535 952 2629 φαίδιμ’
973 2535 1141 2622 Ὀδυσσεῦ,

110 2639 179 2762 σή
172 2637 203 2707 τ’
222 2636 473 2767 ἀτανοφροοήνη
496 2641 675 2731 μελιτηδέα
697 2637 846 2725 θυμόν’
826 2637 985 2729 απηύρα.”

150 2730 197 2820 ὦς
218 2737 324 2831 ἔφατ’,
348 2740 449 2867 αύτάρ
471 2740 590 2810 ἐννέ’
557 2769 579 2808 τ
613 2740 732 2811 ε’θελον
753 2765 850 2832 φρεσι
842 2739 1070 2830 μερμηρίξας

56 2873 96 2912 τω
109 2843 232 2932 μητρός
252 2841 332 2932 ἐμῆς
352 2844 461 2934 φυχην
483 2842 587 2912 ελέειν
609 2841 874 2971 κατφτεθνηυίης.

109 2944 180 3032 τρίς
200 2943 260 3028 μέν
281 2943 498 3035 ἐφωρμήθην,
521 2943 625 3014 ελέειν
645 2946 684 3013 τέ
704 2971 745 3030 με
767 2940 917 3028 θυμός’
897 2942 1046 3025 ανιότειν,

108 3046 180 3133 τρὶς
202 3046 239 3114 δέ
259 3071 318 3131 μοι
340 3045 376 3115 ἐκ
396 3050 513 3137 χειρῶν
534 3051 612 3136 σκιῇ
635 3044 758 3114 ε’ίκελον
779 3042 802 3134 ἢ
821 3046 879 3112 καὶ
901 3041 1016 3134 ὀνείρῳ

110 3144 235 3214 ἔπτατ’.
280 3147 355 3234 ἐμοὶ
379 3147 411 3216 δ’
434 3146 514 3233 ἀχος
536 3146 590 3231 ὀξύ
611 3147 780 3217 τενέσκετο
802 3147 926 3237 κηρόθι
947 3150 1085 3232 μᾶλλον,

111 3246 169 3315 καί
189 3274 247 3333 μιν
268 3250 422 3340 φωνήσας
441 3251 548 3320 τέπεα
569 3251 749 3336 πτερόεντα
770 3249 975 3339 προσηύδων.

57 3346 234 3441 τιο“μήτερ
255 3350 331 3440 ἐμή,
353 3351 387 3419 τί
407 3352 444 3420 νύ
464 3350 500 3438 μ’
525 3350 562 3422 ού
582 3349 837 3438 μίμνειςλέλέειν
857 3354 1027 3436 μεμαῶτα,

112 3447 200 3542 όφρα
221 3452 279 3519 καὶ
302 3451 349 3520 εἶν
369 3450 509 3522 Ἀτίδαο
530 3455 630 3545 φίλας
651 3455 728 3544 περί
750 3459 836 3542 χεῖρε
857 3455 994 3539 βαλόντε

112 3548 289 3643 ἀμφοτέρω
311 3562 457 3646 κρυεροῖο
478 3555 745 3648 τεταρπώμεσθα
766 3555 870 3623 νόοιο.

115 3648 155 3777 ήέ
173 3680 208 3721 τι
228 3653 387 3723 τείδωλον
407 3654 479 3725 τόδ’
503 3655 606 3747 ἀταυή
630 3657 857 3747 Περσεφόνεια

111 3750 234 3882 ὤτρυν’,
258 3753 335 3846 ὄφρ’
358 3756 409 3826 ἔτι
429 3761 553 3844 μᾶλλον
575 3755 770 3848 ὀδυρόμενος
792 3757 1006 3841 στεναχίζω,·”

56 3883 97 3925 215
153 3850 199 3938 ὦς
202 3855 409 3967 ἐφάμην,“
386 3887 406 3951 η
432 3859 463 3928 δ’
487 3858 595 3928 αὐτίκ’
619 3858 775 3946 ἀμείβετο
796 3860 919 3929 πότνια
939 3859 1045 3979 μήτηρ

106 3953 161 4024 “df
181 3984 254 4044 μοι,
276 3961 386 4029 τέκνον
407 3962 497 4047 ἐμόν,
521 3963 599 4052 περὶ
622 3962 755 4030 πάντων
776 3963 924 4053 κάμμορε
945 3965 1076 4051 φωτῶν,

111 4054 151 4127 ού
170 4059 205 4128 τί
227 4085 265 4129 σε
285 4063 513 4152 Περσεφόνεια
534 4065 620 4144 Διὸς
641 4063 791 4153 θυτάτηρ
813 4062 1013 4154 ἀπαφίσκει,

111 4158 180 4228 ἀλλ’
204 4161 423 4255 αύτηδίκηέ
424 4165 479 4233 στὶ
500 4163 683 4256 βροτῶν,“
665 4191 719 4234 ατε
739 4167 794 4234 κέν
814 4192 850 4234 τε
870 4165 1036 4234 θοίνωσιν·

112 4260 151 4330 ού
171 4266 235 4353 τδρ
257 4262 309 4333 ἔτι
330 4266 455 4357 σάρκας
475 4293 512 4334 τε
533 4268 590 4336 καὶ
613 4265 711 4336 ὀστέα
732 4274 818 4348 εῖνες
839 4266 981 4352 ἔχουσιν,

58 4392 99 4435 ιιι
113 4361 197 4433 ἀλλὰ
218 4369 261 4434 τὰ
281 4368 342 4453 μέν
362 4393 399 4437 τε
419 4371 524 4459 πυρός
543 4371 700 4461 κρατερόν
720 4369 818 4455 μένος
839 4367 1037 4456 αἰθομένοιο
