2858 5026
193 257 258 323 134
561 257 602 305 ιο.
640 252 886 306 ommam
904 255 930 303 κ
971 292 974 296 ,

137 436 177 476 ιοο
192 406 293 495 αύτάρ
316 407 380 475 ἐστι)
403 404 529 495 Κίρκης
551 405 675 492 ἐπιβάς
696 405 911 494 περικαλλέος
933 401 1026 493 εύνής

187 510 310 578 τούνων
331 506 554 588 ἐλλιτάνευσα,
577 508 645 574 θεοὶ
667 505 705 573 δέ
724 531 785 592 μευ
808 503 918 574 έκλυεν
940 502 1048 593 αύδής.

184 604 236 677 ((ιδ
257 609 378 697 Κίρκη,
400 607 530 674 τέλεσόν
550 633 610 691 μοι
632 604 812 690 ὑπόσχεσιν
833 607 873 696 ήν
895 632 958 696 περ
980 603 1146 696 ὑπέστης,

187 710 323 780 εοίκαδε
344 708 571 798 πεμψέμεναι·
593 710 704 792 θυμός
726 710 764 776 δέ
783 733 843 793 μοι
865 706 1003 776 ἐσσυται
1025 704 1102 797 ήδη,

132 843 175 883 ιοο
190 810 244 903 ήδ)
269 809 374 878 άλλων
396 807 531 898 ἑτάρων,
556 811 591 876 οῗ
610 834 670 894 μευ
693 809 903 900 φθινύθουσι
925 807 1023 899 φίλον
1044 810 1103 899 κήρ

190 910 277 1004 ἄμφ’
300 909 352 996 ἔμ’
376 908 581 998 ὀδυρόμενοι,
605 909 659 978 ὅτε
680 935 748 978 που
771 911 810 979 σύ
831 936 869 978 τε
890 910 990 1000 νόσφι
1011 907 1152 1000 νέκηαι.”

234 1007 279 1094 ὦς
301 1011 444 1104 ἐφάμην,
467 1006 489 1100 ἣ
513 1009 542 1079 δ’
567 1008 675 1080 αὐτίκ’
698 1010 854 1097 άμείβέτο
876 1013 934 1078 δῖα
955 1011 1069 1079 θεάων

186 1115 359 1193 αδιοτενὲς
381 1112 591 1203 Λαερτιάδη,
615 1109 818 1202 πολυμήχαν’
839 1109 1008 1194 Ὀδυσσεῦ,

189 1217 307 1307 μηκέτι
329 1217 383 1282 νῦν
405 1210 577 1294 άεέκοντες
599 1215 667 1303 ἐμῷ
688 1214 736 1282 ἐνὶ
758 1215 893 1299 μίμνετε
913 1213 1026 1304 εοίκφ.

137 1346 177 1386 ιοο
192 1314 259 1384 ἀλλ’
284 1312 382 1404 άλλην
402 1316 461 1403 χρή
484 1317 614 1402 πρῶτον
636 1312 714 1381 ὁδόν
735 1314 877 1397 τελέσαι,
900 1316 958 1382 καί
980 1312 1116 1383 λιτέσθαι

191 1416 239 1499 εἷς
259 1415 398 1484 Ἀείδαο
421 1415 542 1499 δόμους
563 1415 620 1480 καὶ
643 1414 781 1504 ἐπαινῆς
802 1414 1057 1506 Περσεφονείης,

190 1521 280 1608 ψυχῇ
301 1515 516 1607 χρησομένους
541 1514 690 1604 Θηβαίου
718 1516 905 1603 Τειρεσίαο,

191 1619 334 1707 μάντηος
355 1613 473 1697 άλαοῦ,
495 1617 553 1682 τοῦ
575 1641 611 1682 τε
632 1616 746 1705 φρένες
767 1613 908 1700 ἔμπεδοι
932 1615 1029 1685 εἰσίν·

191 1722 238 1808 τῷ
260 1719 318 1785 καὶ
339 1725 504 1809 τεθνηῶτι
527 1716 599 1784 νόον
621 1716 705 1807 πόρε
725 1717 967 1808 Περσεφόνεια,

138 1849 178 1890 ιοο
192 1818 254 1911 σ’ίφ
276 1824 488 1889 πεπνῦσθαι·
510 1819 564 1886 τοὶ
587 1819 624 1886 δὲ
645 1820 740 1887 σκιαὶ
763 1816 962 1887 α’ίσσουσιν.”

235 1915 281 2002 ὦς
303 1919 408 2011 ἔφατ’,
432 1920 534 2007 αύτάρ
557 1920 634 2007 ἐμοί
653 1947 692 1988 τε
712 1921 924 2011 κατεκλάσθη
947 1919 1046 2011 φίλον
1066 1915 1161 2013 ἦτορ,

192 2027 304 2091 κλαῖον
327 2023 357 2090 δ’
381 2025 415 2092 ἐν
436 2023 580 2105 λεχέεσσι
604 2024 802 2112 καθήμενος,
827 2019 905 2090 ούδέ
926 2023 962 2089 νύ
983 2047 1044 2108 μοι
1066 2023 1126 2112 κῆρ

191 2121 292 2212 ἤθελ’
316 2121 367 2190 ἔτι
391 2124 485 2205 ζώειν
506 2126 563 2189 καὶ
586 2120 665 2208 δρᾶν
687 2123 775 2213 φάος
795 2121 931 2213 ήελίοιο.

194 2222 296 2313 αὐτὰρ
318 2224 394 2291 ἐπεὶ
416 2223 538 2290 κλαίων
557 2248 595 2289 τε
615 2224 845 2309 κυλινδόμενός
865 2250 901 2292 τε
921 2225 1099 2316 κορέσθην,
1135 2283 1138 2287 .

137 2353 177 2395 ιω
191 2327 250 2393 καὶ
271 2326 347 2394 τότε
369 2325 409 2414 δή
430 2350 468 2391 τε
488 2325 648 2392 εέπεσσιν
670 2325 886 2410 ἀμειβόμενος
907 2326 1132 2411 προσένειπσν

186 2420 239 2492 “ιό
260 2425 381 2516 Κίρκη,
403 2425 455 2506 τίς
475 2427 537 2515 τάρ
559 2425 678 2514 ταύτην
700 2422 779 2493 ὁδόν
799 2423 1022 2515 ήνεμονεύσεις

192 2526 240 2608 εἷς
258 2525 396 2608 'Andos
418 2524 449 2595 δ’
472 2525 511 2595 οῦ
533 2525 588 2594 πιύ
609 2553 663 2606 τις
685 2523 824 2617 άφίκετο
845 2528 899 2617 νηὶ
919 2526 1084 2618 μελαίνη.”

236 2624 281 2710 ὦς
303 2629 449 2720 ἐφάμην,
472 2625 494 2720 ή
517 2627 549 2697 δ’
573 2626 680 2697 αι’·τίκ>
702 2626 859 2716 άμείβετσ
882 2632 939 2699 δῖα
960 2632 1073 2699 θεάων

188 2728 358 2811 ί(διοτενές
379 2732 591 2820 Λαερτιάδη,
615 2729 818 2822 πολυμήχαν’
838 2731 1004 2814 Ὀδυσσεῦ,

138 2862 177 2904 οοο
190 2834 236 2923 μή
257 2833 292 2901 τί
313 2859 366 2901 τοι
389 2831 547 2922 ήτεμόνος
567 2858 605 2900 τε
627 2835 723 2922 ποθή
745 2834 839 2921 παρὰ
860 2834 913 2923 νηί
934 2832 1102 2919 μελέσθω,

193 2932 284 3002 ίστόν
307 2935 344 3001 δὲ
366 2934 487 3023 στήσας
508 2930 570 2999 άνά
592 2931 632 3000 θ’
657 2931 747 3001 ίστία
768 2935 867 3001 λευκὰ
889 2934 1060 3016 πετάσσας

191 3026 314 3121 ήσθαι·
336 3034 395 3122 τήν
417 3033 454 3100 δέ
474 3034 511 3100 κε’
530 3057 584 3100 τοι
606 3037 704 3123 πνοιή
727 3034 858 3124 Βορέαο
879 3036 1029 3128 φέρησιν.

192 3131 260 3200 ἄλλ’
284 3129 384 3201 ὁπότ’
406 3130 446 3200 ίίν
469 3135 508 3222 δή
531 3133 584 3223 νηὶ
608 3133 655 3202 δι’
674 3132 842 3203 Ὠκεανοῖο
863 3139 1022 3228 περήσῃς,

190 3230 262 3302 ἐνθ’
286 3230 367 3322 άκτή
388 3231 419 3300 τ’
442 3234 573 3316 ἐλαχεῖα
595 3237 652 3301 καὶ
675 3231 776 3303 άλσεα
798 3235 1051 3326 Περσεφονείης,

138 3360 178 3402 τοο
191 3334 316 3423 μακραί
336 3331 368 3400 τ’
391 3331 536 3422 α’ίτειροι
558 3335 615 3400 καί
636 3334 748 3401 ειτέαι
770 3330 1008 3419 ὠλεσίκαρποι,

190 3439 251 3526 νῆα
272 3437 331 3521 μὲν
353 3432 453 3502 αύτοῦ
475 3434 590 3502 κέλσαι
613 3431 671 3502 ἐπ’
689 3432 836 3522 Ὠκεανῷ
857 3435 1036 3529 βαθυδίνῃ,

191 3535 290 3618 αύτδς
313 3534 345 3604 δ’
367 3535 415 3617 είς
438 3533 578 3602 Ἀνίδεω
601 3534 687 3603 ἰέναι
709 3535 812 3621 δόμον
835 3533 1002 3624 εύριύενεα.
1132 3614 1134 3619 ,

190 3637 275 3707 ἔνθα
295 3638 355 3723 μὲν
377 3636 423 3718 εἷς
444 3634 619 3725 Ἀχέροντα
640 3639 902 3730 Πυριφλετέθων
922 3667 958 3709 τε
980 3644 1109 3732 ῥέουσιν

190 3740 348 3820 Κωκυτός
368 3736 417 3820 θ’,
442 3734 479 3819 ὃς
500 3741 539 3828 δή
562 3740 686 3819 Στυτὸς
708 3738 829 3822 ὕδατός
850 3740 939 3810 ἐστιν
960 3740 1131 3832 ἀπορρώξ,

138 3871 178 3912 ιιι
192 3841 295 3931 πέτρη
317 3866 354 3908 τε
375 3840 499 3922 ξύνεσίς
520 3866 556 3907 τε
579 3840 646 3908 δύω
668 3844 828 3926 ποταμιῦν
849 3843 1050 3928 ἐριδούπων·

190 3941 275 4011 ἔνθα
298 3939 332 4008 δ’
354 3938 480 4025 ἔπειθ’,
504 3943 602 4033 ήρως,
624 3944 808 4031 χριμφθεὶς
828 3943 946 4025 πέλας,
970 3943 1015 4025 δίς
1037 3970 1073 4014 σε
1093 3945 1228 4027 κελεύω,

223 4200 273 4251 478
292 4191 362 4271 ἦμος
378 4197 406 4251 δ’
428 4196 519 4266 ἠέλιος
535 4199 637 4253 κατέδυ
653 4199 700 4251 καὶ
717 4197 765 4251 ἐπὶ
782 4199 887 4269 κνέφας
904 4191 1002 4266 ἦλθεν,

290 4287 319 4336 οἳ
335 4283 389 4354 μὲν
405 4281 576 4354 κοιμήσαντο
593 4283 662 4337 κατὰ
679 4286 789 4355 μέταρα
808 4281 949 4348 σκιόεντα,

224 4368 273 4420 482
291 4373 341 4420 καί
353 4385 405 4438 μιν
422 4365 556 4439 φωνήσας
572 4372 658 4424 πέντεα
677 4365 829 4439 πτερόεντα
846 4364 1024 4441 προσηύδων.
