2858 5026
521 271 545 319 θ.
582 267 827 322 omnm
844 270 865 320 Γ

143 421 271 500 κτείνας
291 419 477 510 Ἀτρεΐδην,
501 421 644 511 δέδμητο
667 421 704 488 δὲ
725 423 804 502 λαός
824 421 884 489 ὑπ’
907 421 1005 514 αὐτῷ.

93 552 128 592 ιοε
142 520 320 603 έπτάειτες
340 522 482 611 τήνασσε
503 521 725 609 πολυχρύσοιο
748 524 921 614 Μυκήνης·

142 627 191 712 τῷ
214 624 252 691 δέ
272 650 329 691 τοι
352 621 503 711 ότδοάτφ
526 625 628 691 κακδν
648 620 754 714 ήλυθε
777 628 848 706 δῖος
874 623 1022 716 Ὀρέστης

143 720 195 810 ἀφ
218 722 281 790 ἀπ’
304 722 492 813 Ἀθηνάων,
515 725 599 790 κατά
622 723 659 791 δὲ
680 724 775 792 κτάνε
797 730 1027 818 πατροφονῆα,

141 823 319 893 Α’ίνισθον
341 826 529 914 δολόμητιν,
554 824 648 892 ὅποι
670 825 798 913 πατέρα
819 829 933 896 κλυτὸν
954 826 1040 896 έκτα.

142 919 163 1014 ἦ
185 950 239 992 τοι
261 920 280 992 δ
301 928 357 994 τόν
377 924 506 1005 κτείνας
528 923 620 992 δαίνυ
641 925 748 1015 τάφον
769 926 970 1016 Ἅρτείοισιν

93 1053 128 1092 ιιο
141 1025 264 1116 μητρός
284 1053 321 1094 τε
343 1030 497 1115 στυτερῆς
518 1027 576 1094 καί
599 1024 777 1106 ἀνάλκιδος
798 1029 1006 1099 Λίνίσθοισ·

142 1127 290 1217 αὐτῆμαρ
314 1129 352 1196 δέ
370 1152 426 1195 τοι
447 1123 533 1218 ήλθε
554 1129 637 1216 βοήν
658 1125 791 1209 ἀναθδς
812 1131 994 1213 Μενέλαος,
1027 1160 1032 1169 ·

141 1231 246 1298 πολλά
269 1228 407 1320 κτήματ’
430 1227 529 1311 άνων,
554 1228 618 1297 ὅσα
638 1254 695 1296 τοι
716 1229 784 1308 νέες
806 1228 913 1313 άχθος
934 1228 1056 1321 άειραν.

140 1333 197 1399 καὶ
219 1335 259 1400 σδ
282 1330 380 1422 φίλος
400 1334 444 1422 μή
468 1332 561 1421 δηθά
584 1330 692 1416 δόμων
714 1328 784 1398 ἀπο
806 1331 878 1421 τῆλ’
902 1330 1063 1423 ἀλάλησο,

140 1434 290 1523 κτήματά
312 1459 348 1501 τε
370 1434 543 1521 προλιπιδν
565 1429 686 1520 ἀνδρας
707 1429 739 1498 τ’
761 1432 795 1500 έν
817 1439 908 1501 σοῖσι
931 1433 1085 1519 δόμοισιν

93 1564 127 1604 σε
141 1533 226 1603 οὕτω
248 1534 486 1625 ὑπερφιάλους,
508 1533 554 1622 μή
575 1559 629 1601 τοι
651 1535 736 1600 κατά
757 1533 868 1601 πάντα
890 1535 1042 1626 φάν-ωσιν

140 1636 291 1724 κτήματα
314 1636 530 1720 δασσάμενοι,
554 1636 593 1702 σδ
616 1636 653 1702 δέ
672 1634 807 1724 τηϋσίην
829 1634 908 1704 ὁδὸν
931 1635 1043 1727 έλθης.

141 1734 214 1804 ἀλλ>
237 1737 271 1816 ές
291 1738 351 1821 μέν
371 1736 542 1804 Μενέλαον
563 1734 627 1801 ένιδ
649 1736 786 1820 κέλομαι
807 1739 864 1804 καὶ
888 1735 998 1804 άνιυνα

140 1838 264 1905 έλθεῖν·
287 1843 393 1915 κεῖνος
413 1838 475 1921 νάρ
497 1838 569 1902 νέον
591 1832 731 1903 άλλοθεν
754 1834 959 1925 εἰλήλουθεν,

140 1939 176 2005 ἐκ
197 1945 262 2003 τῶν
285 1934 474 2025 ἀνθρώπων
496 1935 579 2002 ὅθεν
601 1933 638 2001 οό
659 1936 819 2003 εέλποιτό
840 1963 877 2003 τε
898 1942 998 2026 θυμηῖ

93 2067 127 2104 ιιι
141 2039 252 2107 έλθεῖν
275 2036 406 2105 ὅντινα
427 2044 558 2127 πρῶτον
580 2033 822 2127 ἀποσφήλωσιν
844 2033 958 2105 άελλαι

139 2141 173 2220 ές
194 2141 340 2219 πέλανος
360 2139 444 2225 μένα
464 2144 569 2220 τοῖον,
593 2138 676 2207 ὅθεν
696 2138 734 2207 τέ
756 2162 818 2225 περ
842 2134 912 2205 οὐδ’
937 2136 1048 2207 οἰωνοί

139 2238 309 2321 αάτόεετες
330 2238 501 2324 οἰχνεῦσιν,
524 2239 601 2307 ἐπεὶ
622 2238 706 2325 μέτα
726 2263 763 2306 τε
786 2238 892 2306 δεινόν
912 2266 956 2307 τε.

139 2339 213 2409 ἀλλ’
235 2340 294 2409 ῖθι
315 2345 368 2408 νῦν
390 2344 444 2423 ξδν
465 2341 518 2432 νηί
537 2346 574 2409 τε
595 2344 638 2432 σῇ
659 2342 717 2410 καί
740 2345 811 2420 σοῖς
833 2337 1012 2427 ἑτάροισιν·

139 2443 169 2512 εἰ
192 2441 223 2509 δ’
247 2443 378 2524 ἐθέλεις
400 2444 513 2526 πεζός,
537 2443 630 2530 πάρα
650 2468 703 2511 τοι
726 2439 845 2531 δίφρος
865 2467 902 2509 τε
924 2442 981 2509 καί
1002 2446 1121 2524 ἵπποι,

93 2569 124 2610 ιιι
138 2546 208 2631 πάρ
232 2544 271 2613 δέ
292 2570 345 2612 τοι
367 2536 435 2623 υἷες
455 2542 546 2627 έμοί,
570 2546 605 2611 o'
624 2569 679 2611 τοι
700 2551 858 2631 πομπῆες
880 2541 1011 2610 έσονται

137 2644 171 2725 ές
193 2644 435 2730 Λακεδαίμονα
457 2648 544 2725 δῖαν,
567 2642 630 2711 όθι
651 2644 775 2724 ξανθὸς
794 2644 974 2724 Μενέλαος.

137 2747 319 2814 λίσσεσθαι
342 2745 380 2813 δέ
399 2770 458 2829 μιν
479 2742 579 2811 αὐτόν
599 2747 653 2811 ἵνα
675 2743 827 2832 νημερτές
848 2742 975 2834 ένίσπη.

137 2848 263 2936 ψεῦδος
285 2843 317 2913 δ’
339 2842 377 2914 σά
398 2845 518 2935 εερέει·
539 2845 631 2930 μάλα
651 2845 713 2933 νάρ
736 2845 943 2929 πεπαυμένος
964 2843 1083 2913 έστίν.”

180 2939 225 3026 ὦς
246 2943 359 3037 ἔφατ’,
383 2943 495 3036 ήέλιος
518 2943 549 3012 δ’
573 2942 627 3033 ἀρ’
649 2942 706 3013 έδυ
728 2945 786 3013 καὶ
808 2945 867 3013 ἐπὶ
890 2946 1010 3037 κνέφας
1032 2941 1142 3036 ήλθεν.

93 3075 125 3114 ιιο
137 3053 226 3116 τοῖσι
249 3049 286 3116 δέ
307 3047 365 3115 καὶ
386 3047 562 3132 μετέπεισε
583 3047 650 3114 θεά
671 3046 863 3126 τλαυκιῖπις
883 3043 1008 3136 Ἀθήνη

132 3143 184 3216 “03
205 3148 312 3236 τέρον,
335 3142 355 3236 ή
377 3173 432 3215 τοι
454 3149 558 3214 ταῦτα
579 3147 662 3214 κατά
683 3152 801 3235 μοῖραν
823 3147 1013 3228 κατέλεξας·

138 3247 210 3318 ἀλλ’
233 3247 293 3317 άνε
312 3248 449 3334 τάμνετε
469 3249 529 3335 μὲν
548 3247 701 3327 νλιόσσας
722 3246 890 3337 κεράασθε
913 3249 950 3317 δὲ
971 3255 1092 3331 εσῖνον,

138 3351 226 3443 όφρα
246 3350 459 3419 Ποσειδάωνι
480 3352 537 3418 καί
560 3348 672 3430 ἀλλοις
692 3347 915 3418 ἀθανάτοισιν

137 3456 333 3534 σπείσαντες
353 3452 483 3521 κοίτοιο
503 3451 699 3537 μεδώμεθα·
720 3457 792 3518 τοῖο
813 3452 876 3539 τάρ
898 3450 973 3542 ὥρη.

93 3575 123 3614 σε
136 3552 199 3646 ἤδη
221 3557 284 3643 νάρ
306 3553 393 3645 φάος
415 3550 526 3636 οἴχεθ’
548 3552 616 3620 ὑπὸ
638 3551 755 3641 ζόφον,
780 3549 856 3620 οὐδὲ
876 3552 1025 3620 τέτσικεν

138 3659 230 3747 δηθά
251 3659 342 3724 θεῶν
363 3656 398 3724 έν
419 3656 511 3723 δαιτὶ
532 3653 736 3738 θαασσέμεν,
760 3650 842 3720 ἀλλά
864 3652 1029 3723 νέεσθαι.”

179 3752 200 3846 ἦ
222 3764 264 3844 ῥα
285 3758 372 3838 Διὸς
393 3754 556 3845 θυνάτηρ,
578 3756 632 3822 τοὶ
654 3753 691 3821 δέ
711 3753 809 3821 κλόον
831 3751 1027 3845 αὐδησάσης.

137 3864 225 3926 τοῖσι
248 3859 284 3925 δέ
305 3859 441 3949 κήρυκες
462 3857 521 3944 μὲν
542 3856 630 3945 ἰίδιορ
653 3855 712 3923 ἐπὶ
733 3861 843 3945 χεῖρας
865 3854 987 3940 έχευαν,

138 3961 250 4047 κοῦροι
274 3960 310 4028 δέ
330 3963 492 4051 κρητῆρας
513 3957 741 4049 ἐπεστέψαντο
764 3965 896 4041 ποτοῖο,

93 4080 124 4119 *4⁰
137 4062 291 4152 νιόμησαν
313 4059 346 4130 δ’
369 4059 433 4151 ἀρα
455 4064 559 4129 πᾶσιν
580 4059 804 4147 ἐπαρξάμενοι
827 4061 1021 4129 δεπάεσσιν·

137 4164 290 4244 νλιόσσας
311 4161 343 4232 δ’
365 4161 399 4231 έν
420 4164 501 4253 πυρὶ
523 4163 656 4250 βάλλον,
681 4158 891 4245 ἀνιστάμενοι
915 4160 948 4228 δ’
970 4164 1149 4251 ἐπέλειβον.

139 4263 242 4355 αότάρ
264 4266 340 4333 έπεί
362 4265 502 4335 σπεῖσάν
523 4290 559 4333 τε
580 4262 659 4331 πίον
680 4259 721 4330 θ’
745 4260 823 4330 ὅσον
843 4260 944 4352 ήθελε
965 4266 1086 4351 θυμός,

141 4370 180 4458 δή
203 4367 273 4435 τότ’
297 4366 459 4459 Ἀθηναίη
482 4370 540 4436 καί
567 4365 753 4456 Τηλέμαχος
777 4366 952 4455 θεοεειδής
