2858 5026
186 204 229 269 46
556 201 580 247 ι.
618 195 866 248 omnm
884 193 912 244 Δ

186 353 232 435 ῶς
252 356 306 421 νῦν
332 349 509 440 Τηλεμάχῳ
533 344 552 417 ὃ
574 350 633 434 μέν
656 346 795 432 οἴχεται,
819 344 898 414 οάόέ
917 371 972 414 τοι
995 340 1093 413 ἀλλοι

187 453 253 525 εί’σ’
277 457 313 523 οἳ
332 479 385 520 κεν
406 453 489 518 κατά
511 453 616 541 δῆμον
638 448 811 517 ἀλάλκοιεν
832 444 1024 538 κακότητα.”

228 559 283 624 τὸν
306 553 337 623 δ’
360 551 628 639 ἀπαμειβόμενος
650 551 801 641 προσέφη
823 552 948 633 ξανθὸς
969 548 1154 632 Μενέλαος

181 654 236 725 “1³0⁸
256 657 382 739 πόποι,
407 650 426 743 ή
447 655 536 739 μάλα
559 655 598 742 δή
621 652 719 743 φίλου
743 651 856 739 ἀνέρος
877 651 948 733 υίὸς
969 651 1049 737 ἒμδν
1070 653 1128 719 δῶ

137 786 175 825 ιιο
188 756 290 840 ἵκεθ’,
313 751 349 838 ὃς
370 753 467 823 είνεκ)
489 754 580 840 ἐμεῖο
603 754 726 834 πολέας
746 753 906 843 έμότησεν
928 752 1088 833 ἀέθλους·

186 859 245 927 καί
265 886 322 946 μιν
344 856 426 949 ἔφην
447 854 591 925 ἐλθόντα
612 855 789 946 φιλησέμεν
811 853 922 938 ἔξοχον
944 852 1050 922 ἀλλων

186 959 355 1049 Ἀρτείων,
379 958 407 1026 εί
431 961 507 1025 νῶιν
528 954 627 1047 ἀπεὶρ
649 956 712 1025 ἀλα
734 957 850 1025 νόστον
871 957 991 1025 ἔδωκεν

186 1064 279 1154 νηυσὶ
300 1065 405 1150 θοῇσι
426 1059 583 1128 τεκέσθαι
604 1056 783 1145 Ὀλύμπιος
805 1057 951 1147 εάράοπα
973 1057 1063 1137 Ζεός.

187 1164 244 1232 καί
265 1163 303 1232 κέ
322 1188 379 1230 τοι
400 1158 514 1247 ’Άρτεϊ
532 1161 638 1227 νάσσα
659 1161 759 1228 πόλιν
780 1162 839 1229 καί
861 1156 987 1245 δάματ)
1010 1157 1144 1242 έτευξα,

135 1293 173 1333 ιτε
187 1268 224 1351 ἐξ
241 1264 375 1355 Ἰθάκης
397 1261 529 1330 ἀτατιόν
550 1264 605 1343 §ivr
624 1264 768 1353 κτήμασι
791 1265 848 1330 καὶ
870 1263 963 1330 τέκεϊ
980 1263 1030 1349 τῷ

187 1369 244 1436 καὶ
267 1370 372 1433 πᾶσιν
392 1367 518 1447 λαοῖσι,
540 1363 621 1449 μίαν
643 1365 743 1433 πόλιν
764 1364 975 1447 ἐξαλαπάξας

188 1466 226 1536 αἳ
244 1467 523 1557 περιναιετάουσι,
546 1467 765 1536 τανάσσονται
789 1465 821 1533 δ’
842 1466 917 1551 ἐμοὶ
940 1462 1037 1552 αὐτῷ.

188 1569 246 1638 καί
267 1596 303 1637 κε
325 1566 411 1655 θάμ’
434 1565 553 1636 ἐνθάδ’
576 1567 683 1648 έόντες
704 1565 921 1654 έμιστόμεθ’·
944 1563 1020 1634 οὐδέ
1040 1590 1094 1632 κεν
1115 1563 1236 1655 ήμέας

189 1669 268 1742 ἀλλο
291 1670 449 1760 διέκρινεν
470 1669 621 1759 φιλέοντέ
640 1697 676 1737 τε
698 1670 889 1759 τερπομένω
910 1694 959 1749 τε,

136 1802 175 1841 ιω
188 1775 268 1861 πρίν
288 1771 321 1840 τ’
344 1772 400 1842 ὅτε
422 1773 462 1862 δή
484 1771 649 1840 θανάτοιο
670 1772 772 1858 μέλαν
793 1771 891 1860 νέφος
913 1766 1166 1858 ἀμφεκάλυψεν.
1228 1850 1235 1859 .

189 1873 271 1944 ἀλλά
292 1877 333 1943 τά
354 1875 414 1961 μέν
435 1900 501 1942 που
522 1874 637 1960 μέλλεν
659 1871 873 1942 ἀτάσσεσθαι
895 1873 977 1951 θεὸς
998 1867 1108 1950 αάτός,

189 1972 226 2056 λίς
246 1983 352 2044 κεῖνον
373 1976 530 2064 δύστηνον
551 1972 730 2058 ἀνόστιμον
751 1969 820 2043 οἷον
841 1970 987 2063 έθηκεν.”

231 2071 275 2157 ὧς
295 2077 398 2167 φάτο,
421 2080 510 2140 τοῖσι
533 2075 570 2141 δὲ
592 2079 697 2143 πᾶσιν
717 2072 774 2163 ὑφ’
797 2077 909 2164 ἵμερον
930 2067 1015 2162 ὦρσε
1035 2070 1143 2139 τόοισ,

187 2179 280 2244 κλαῖε
300 2176 359 2261 μέν
380 2170 511 2263 Ἀρτείη
530 2171 655 2264 Ἑλένη,
679 2177 765 2256 Διὸς
786 2175 972 2257 έκτεταῶα,

136 2309 174 2348 ιεε
189 2280 280 2344 κλαῖε
303 2276 340 2344 δὲ
367 2274 555 2364 Τηλέμαχός
576 2301 612 2342 τε
633 2277 691 2342 καί
712 2273 882 2368 Ἀτρεΐδης
904 2278 1082 2356 Μενέλαος.

188 2375 261 2446 οὐδ’
284 2374 348 2466 ἀρα
369 2377 531 2464 Νέστορος
551 2373 623 2457 υίὸς
644 2374 816 2466 ἀδακρύτω
839 2377 909 2463 ἔχεν
931 2377 1023 2447 όσσε·

186 2480 333 2571 μνήσατο
353 2480 416 2567 τάρ
438 2480 523 2546 κατά
545 2481 655 2565 θυμόν
676 2478 840 2567 ἀμίμονος
861 2480 1084 2565 Ἀντιλόχοιο,

186 2583 243 2650 τόν
265 2580 296 2672 ῥ’
316 2579 413 2663 Ἠοῦς
435 2579 557 2651 ἔκτεινε
579 2586 717 2675 φαεινῆς
739 2581 861 2664 ἀτλαάς
883 2581 963 2664 εἷός.

187 2687 245 2752 τοῦ
266 2682 287 2753 ό
306 2683 338 2752 τ’
361 2685 585 2776 ἐπιμνησθείς
605 2688 709 2754 τέπεα
732 2683 901 2774 πτερόεντ’
924 2683 1085 2773 ἀτόρευεν.

135 2785 372 2877 ιου“Ἀτρεΐδη,
396 2787 474 2872 περὶ
496 2787 556 2872 μέν
578 2809 615 2852 σε
636 2789 762 2873 βροτῶν
785 2788 988 2872 πεπνυμένον
1010 2780 1096 2854 εἶναι

187 2887 323 2976 Νέστωρ
346 2883 447 2976 φάσχ’
471 2883 489 2952 ὁ
509 2886 625 2974 τέριυν,
649 2884 697 2953 ὅτ’
721 2887 994 2979 ἐπιμνησαίμεθα
1016 2894 1102 2968 σεῖο,

187 2987 244 3054 καὶ
267 2988 332 3067 νῦν,
356 2984 390 3053 εί
408 2984 443 3051 τί
464 3010 530 3052 που
554 2983 640 3066 έστι,
664 2987 789 3058 πίθοιό
810 3017 884 3076 μοι·
909 2988 947 3058 οά
968 2992 1031 3077 τάρ
1053 2987 1118 3057 έτοί
1139 3013 1178 3055 τε

188 3084 328 3174 τέρπομ’
352 3085 545 3173 ὀδυρόμενος
566 3090 804 3177 μεταδόρπιος,
829 3090 911 3157 ἀλλά
933 3092 991 3156 καὶ
1012 3088 1080 3180 ηἰός

137 3186 322 3260 κοτέσσεται
342 3185 516 3279 ήριτένεια.
561 3192 769 3276 νεμεσσῶμαί
789 3218 827 3259 τε
847 3193 906 3275 μὲν
927 3191 1021 3259 οὐδέν

187 3287 314 3357 κλαίειν
336 3288 372 3370 ὅς
393 3290 575 3382 κεθάνησι
597 3292 721 3380 βροτῶν
742 3292 799 3360 καί
821 3292 950 3377 πότμον
971 3292 1111 3385 έπίσπη.

187 3392 285 3461 τοῦτό
307 3417 343 3458 νυ
366 3391 423 3459 καί
444 3390 541 3479 τέρας
563 3385 632 3460 οἷον
655 3389 814 3481 ὀιζυροῖσι
837 3401 1016 3484 βροτοῖσιν,

187 3492 368 3582 κείρασθαί
388 3519 424 3561 τε
445 3494 549 3582 κόμην
570 3494 700 3580 βαλέειν
720 3496 750 3563 τ’
774 3496 843 3565 ἀπὸ
866 3498 968 3588 δάκρυ
990 3500 1145 3586 παρειῶν.

187 3597 245 3665 καί
265 3595 328 3685 τάρ
350 3594 430 3681 ἐμός
451 3595 606 3684 τέθνηκεν
628 3592 802 3689 ἀδελφεός,
827 3597 866 3668 οίί
887 3628 919 3668 τι
942 3600 1098 3679 κάκιστος

136 3730 176 3769 τοο
189 3696 353 3787 Ἀρτείων.
395 3697 525 3782 μέλλεις
546 3698 583 3765 δέ
605 3700 644 3767 σύ
665 3698 832 3786 είδμεναι·
856 3701 895 3771 οά
915 3704 978 3790 τάρ
1000 3701 1065 3769 έτυί
1085 3727 1123 3769 τε

184 3795 297 3891 ήντησ’
320 3796 397 3868 σε’·δέ
416 3797 525 3866 πέδον·
548 3800 625 3889 περὶ
649 3799 680 3869 δ’
702 3800 807 3872 ἀλλων
828 3806 913 3894 φασί
935 3804 1093 3873 τενέσθαι

185 3900 383 3986 Ἀντίλοχον,
406 3901 483 3990 περὶ
504 3902 564 3986 μέν
584 3901 694 3971 θείειν
714 3906 812 3988 ταχὺν
832 3903 893 3996 ήδὲ
912 3901 1086 3996 μαχητήν.”

226 4007 283 4072 τὸν
305 4002 337 4072 δ’
360 4002 629 4091 ἀπαμειβόμενος
649 4010 803 4097 προσέφη
827 4009 949 4090 ξανθὸς
971 4008 1141 4088 Μενέλαος

181 4099 234 4172 “cb
256 4104 340 4197 φίλ’,
362 4108 439 4175 ἐπεὶ
460 4106 543 4176 τόσα
563 4116 679 4189 τεῖιτες
700 4107 754 4177 ὅσ’
775 4105 816 4177 ἀν
837 4110 1042 4196 πεπνυμένος
1063 4106 1143 4201 ἀνήρ
1176 4174 1179 4179 .

222 4330 267 4381 192
285 4335 381 4384 τοῖσιν
391 4329 430 4384 ἓν)
444 4327 604 4403 μετάρσιοι,
617 4334 663 4385 καὶ
676 4327 808 4400 ἀλλήλους
819 4331 955 4404 ἐρέοιμεν.
