2858 5026
261 225 303 290 98
637 228 661 274 8.
699 223 940 276 οΔτεῑΕιΛε
960 224 985 274 σ

262 374 354 465 ήσειν
375 370 397 463 ἢ
417 378 593 443 τοσσοῦτον
615 373 731 461 ὀίομαι
752 373 774 465 ἢ
795 375 846 444 ἐτι
868 379 1003 461 μᾶσσον.

259 479 324 543 τῶν
345 473 377 542 δ)
401 473 505 543 ἀλλων
527 475 621 544 ὅτινα
642 474 761 566 κραδίη
783 477 893 561 θυμός
913 502 949 543 τε
970 476 1108 558 κελεύει,

208 574 348 664 205381‘39'
371 573 431 644 ὅτε
453 578 660 666 πειρηθήτω,
685 576 762 644 ἐπεί
782 574 818 661 μ’
842 577 1026 659 ἐχολώσατε
1046 576 1131 666 λίην,

214 758 217 765 ⁴
259 675 282 769 ἢ
304 680 370 759 πύξ
389 675 428 766 ήέ
451 678 539 768 πάλη
562 674 585 766 ἢ
605 679 663 744 καὶ
686 676 796 758 ποσίν,
821 675 859 744 ού
880 705 914 745 τι
935 677 1093 766 μεταίρω,

260 779 392 846 πάντων
415 780 581 868 Φαιήκων,
606 780 690 868 πλήν
710 777 742 845 τ’
768 777 868 845 αύτοῦ
890 780 1146 864 Λαοδάμαντος.

260 883 362 963 ξεῖνος
382 881 444 970 τάρ
466 907 525 965 μοι
550 878 602 948 ὅδ)
625 878 709 949 ἐστί·
732 879 783 961 τίς
805 876 845 947 ἀν
867 880 1019 969 φιλέοντι
1040 879 1197 965 μάχοιτσ,·

261 980 374 1074 άφρων
396 985 434 1072 δή
458 982 563 1062 κεῖνός
584 1009 628 1049 τε.
643 984 701 1050 καὶ
723 979 895 1062 οὐτιδανὸς
917 983 1014 1050 πέλει
1037 980 1129 1072 ἀνήρ,

207 1116 246 1154 210
261 1083 297 1165 ὅς
317 1110 369 1165 τις
390 1084 565 1171 ξεινοδόκῳ
589 1081 685 1170 ἐριδα
708 1086 913 1173 προφέρηται
937 1080 1069 1150 ἀέθλων

261 1186 354 1275 δήμῳ
377 1185 410 1251 ἐν
433 1184 627 1272 ἀλλοδαπῷ·
649 1185 707 1253 τέο
730 1182 760 1251 δ’
785 1181 885 1251 αὐτοῦ
907 1183 1016 1250 πάντα
1038 1185 1178 1252 κολούει.

259 1296 324 1354 τῶν
346 1284 375 1353 δ)
400 1283 505 1352 ἀλλων
528 1282 566 1352 ού
587 1286 649 1373 πέρ
671 1283 737 1351 τιν’
761 1282 935 1369 ἀναίνομαι
959 1282 1031 1351 οὐδ’
1055 1283 1219 1374 ἀθερίζω,

262 1385 334 1454 ἀλλ’
357 1384 598 1470 ἐθέλωτίδμεν
618 1386 675 1452 καὶ
697 1386 942 1474 πειρηθήμεναι
966 1383 1071 1474 ἐίκτην.

261 1488 372 1555 πάντα
392 1490 455 1573 πάρ
478 1484 516 1554 ού
538 1485 640 1565 κακός
662 1484 744 1570 εἶμι,
767 1483 841 1571 μετ>
864 1484 1021 1575 ἀνδράσιν
1044 1484 1139 1555 ὅσσοι
1163 1485 1293 1557 άεθλοι.

168 1592 172 1597 ’
207 1613 247 1653 215
261 1582 297 1655 εὖ
318 1590 376 1673 μὲν
397 1588 491 1668 τόξον
510 1591 609 1654 νοῖδα
631 1586 742 1667 ἐύξοον
763 1583 1037 1676 ἀμφαφάασθαι·

261 1689 391 1777 πρῶτός
413 1687 444 1754 κ’
467 1686 570 1774 ἀνδρα
591 1687 733 1773 βάλοιμι
756 1684 928 1769 ὀιστεύσας
950 1689 984 1757 ἐν
1006 1687 1110 1780 ὁμίλῳ

260 1790 385 1880 ἀνδρῶν
408 1790 600 1875 δυσμενέων,
624 1787 654 1857 εἰ
675 1789 734 1857 καὶ
754 1789 843 1874 μάλα
866 1792 983 1858 πολλοὶ
1006 1789 1131 1882 ἑταῖροι

261 1889 337 1977 ὅτχι
359 1898 562 1980 παρασταῖεν
583 1890 640 1958 καὶ
662 1889 858 1972 τοξαζοίατο
880 1895 1006 1982 φωτῶν.

260 1988 330 2073 οἶος
352 1993 392 2081 δή
413 2020 455 2078 με
478 1994 680 2083 Φιλοκτήτης
702 1990 903 2060 ἀπεκαίνστο
923 1994 1009 2082 τόξῳ

207 2120 246 2160 νεο
261 2095 354 2185 δήμῳ
376 2092 423 2163 ένι
451 2096 580 2184 Τριύων,
605 2093 660 2161 ὅτε
679 2092 893 2179 τοξαζοίμεθ’
917 2092 1057 2179 Ἀχαιοί.

259 2200 322 2263 τῶν
344 2193 377 2261 δ’
400 2193 506 2263 ἀλλων
528 2196 585 2280 ἐμέ
605 2220 688 2285 φημι
715 2196 800 2261 πολύ
823 2197 1080 2286 προφερέστερον
1100 2192 1198 2280 εἶναι,

260 2295 356 2364 ὅσσοι
378 2299 432 2363 νῦν
453 2296 569 2385 βροτοί
591 2294 676 2363 εἰσιν
697 2296 756 2363 ἐπὶ
778 2295 877 2380 χθονὶ
900 2303 991 2364 σῖτον
1013 2295 1150 2379 ἔδοντες.

261 2396 399 2485 ἀνδράσι
423 2397 460 2464 δέ
481 2398 692 2485 προτέροισιν
713 2396 861 2484 ἐριζέμεν
883 2393 941 2463 ούκ
963 2397 1128 2488 ἐθελήσειν,

261 2497 340 2569 ούθ’
358 2499 520 2586 Ἡρακλῆι
544 2496 612 2567 οὔτ’
634 2495 767 2587 Εύρύτῳ
792 2496 964 2587 Οἰχαλιῆι,

207 2626 246 2667 22⁵
262 2605 298 2670 οἵ
317 2608 359 2692 ῥα
380 2600 436 2668 καὶ
459 2597 681 2670 ἀθανάτοισιν
703 2599 867 2690 ἐρίζεσκον
890 2602 967 2689 περὶ
989 2601 1100 2684 τόξων.

260 2705 309 2792 τῷ
332 2711 373 2790 ῥα
395 2702 453 2769 καὶ
475 2696 553 2792 αἶψ’
576 2701 694 2771 ἔθανεν
714 2704 816 2789 μένας
837 2699 994 2791 Εύρντος,
1019 2701 1092 2772 οὐδ’
1114 2704 1173 2772 ἐπὶ
1194 2708 1298 2796 πήρας

259 2801 341 2872 ἵκετ’
365 2805 413 2872 ἐνί
435 2804 628 2891 μετάρσιοι·
650 2805 875 2892 χολωσάμενος
895 2807 957 2893 τδρ
981 2803 1153 2874 Ἀπόλλων

259 2903 402 2988 ἔκτανεν,
427 2906 541 2974 ούνεκά
562 2933 620 2991 μιν
642 2906 860 2995 προκαλίζετο
880 2907 1092 2989 τοξάζεσθαι.

261 3010 354 3095 δουρὶ
378 3005 407 3075 ὅ
431 3007 588 3088 ἀκοντίζω
611 3008 690 3076 ὅσον
712 3006 769 3076 σύκ
792 3003 890 3090 άλλσς
911 3035 963 3090 τις
985 3007 1095 3100 ὀιστῷ.

205 3137 247 3177 ιω
262 3106 385 3176 οἴοισιν
407 3107 558 3176 δείδοικα
580 3109 681 3177 ποσὶν
701 3108 748 3198 μή
770 3109 822 3190 τίς
842 3137 884 3195 με
904 3114 1061 3203 παρέλθη

262 3209 431 3300 Φαιήκων·
454 3210 526 3298 λίην
545 3213 609 3299 τδρ
632 3209 821 3291 ἀεεικελίως
843 3212 1040 3303 ἐδαμάσθην

260 3310 400 3396 κύμασιν
422 3310 455 3377 ἐν
476 3314 625 3390 πολλοῖς·
647 3315 695 3401 τῷ
716 3337 775 3396 μοι
797 3310 879 3402 φίλα
899 3319 977 3380 τοῖα
999 3311 1175 3380 mmm?

302 3404 346 3491 ὦς
369 3409 485 3500 ἐφαθ),
510 3411 545 3480 οἳ
563 3410 595 3480 δ’
619 3409 683 3502 άρα
705 3412 825 3493 πάντες
847 3410 928 3502 ἀκήν
949 3413 1096 3482 ἐπένοντο
1119 3416 1240 3504 σιωπῇ.

207 3536 247 3579 τεο
262 3508 429 3593 ’Λλκίνοος
452 3515 490 3581 δέ
510 3540 569 3598 μιν
591 3507 661 3594 οἶος
683 3512 900 3602 ἀμειβόμενος
922 3516 1143 3604 προσέεειπεν

256 3611 274 3640 “
282 3613 369 3697 ξεῖν’,
393 3615 466 3683 ἐπεὶ
491 3613 549 3683 οὐκ
571 3614 735 3704 ἀχάριστα
756 3616 836 3702 μεθ’
859 3614 937 3707 ἡμῖν
957 3616 1050 3686 ταῦτ’
1073 3615 1252 3707 ἀπορεύεις,

260 3712 329 3783 ἀλλ’
350 3716 483 3797 ἐθέλεις
505 3713 622 3807 ἀρετήν
643 3720 704 3809 σήν
725 3720 881 3810 φαινέμεν
903 3717 925 3809 ή
946 3746 1001 3788 τοι
1023 3718 1157 3811 ὀπηδεῖ,

258 3818 422 3905 χωόμενος
444 3817 497 3887 ὅτι
519 3817 552 3887 σ’
574 3814 669 3901 οὗτος
691 3818 772 3911 ἀνήρ
795 3822 829 3889 ἐν
852 3818 953 3888 ἀνῶνι
976 3824 1151 3909 παραστάς

259 3919 413 4000 νείκεσεν,
436 3919 480 4000 ὡς
502 3917 542 3987 ὅν
565 3922 622 4011 σήν
645 3921 761 4011 ἀρετήν
782 3923 901 4010 βροτός
922 3920 961 3990 ού
981 3949 1033 4003 τις
1055 3919 1164 3994 ὅνσιτο

204 4045 247 4088 τοι
261 4021 299 4103 ὅς
319 4048 372 4102 τις
392 4021 570 4092 ἐπίσταιτο
590 4025 687 4113 νῇσιν
708 4026 824 4114 φρεσὶν
846 4020 946 4115 ἀρτια
966 4027 1093 4112 βάζειν·

264 4182 449 4189 -..--.-.-.-
465 4184 557 4190 —-.....

292 4262 341 4312 232
360 4258 481 4332 κύμασιν
498 4262 528 4318 ἐν
545 4268 671 4325 πολλοῖς,
691 4265 752 4320 ἐπεὶ
770 4261 804 4318 ού
821 4267 925 4338 κομιδὴ
943 4266 1012 4321 κατὰ
1030 4272 1083 4338 νῆα

358 4339 405 4412 ἦεν
422 4348 601 4415 ἐπηεετανός·
621 4353 659 4420 τῷ
676 4370 728 4422 μοι
745 4353 814 4422 φίλα
831 4358 901 4404 τοῖα
915 4354 1040 4407 λέλυνται
