2858 5026
190 260 254 323 245
550 259 590 305 ιο.
628 253 878 306 ommni
898 255 922 304 υ

191 404 235 488 ὦς
255 412 312 496 τῆς
334 407 449 494 τήκετο
471 408 557 471 καλά
579 406 707 496 παρήια
730 406 831 494 δάκρυ
853 405 1001 495 χεούσης,

190 510 367 598 κλαιούσης
387 508 461 573 τεόν
484 504 585 593 ὐίνδρα
606 506 800 595 παρήμενον.
846 504 947 595 αὐτάρ
967 505 1141 586 Ὀδυσσεύς

138 644 176 681 τιο
192 614 293 698 θυμῷ
314 612 372 694 μέν
392 609 543 676 τοόιοσαν
564 609 640 697 ἐπήν
661 609 788 697 ἐλέαιρε
808 615 958 689 τυναῖκα,

191 711 366 803 ὐφθαλμυύ
390 708 422 776 δ’
446 706 490 788 αλς
513 708 542 776 εί
564 710 643 796 κέρα
667 709 808 776 ἕστασαν
829 707 867 799 ήέ
888 708 1022 799 σίδηρος

191 811 330 901 ἀτρέμας
352 812 385 878 ἐν
406 810 621 899 βλεφάροισι·
646 812 731 898 δόλφ
756 809 789 877 δ’
813 810 831 878 ὅ
851 837 888 878 τε
912 809 1025 901 δάκρυ’
1047 809 1193 881 έκειιθεν.

190 911 211 1004 ή
235 912 264 980 δ’
288 914 365 980 ἐπεὶ
387 906 442 978 οὐν
463 912 599 1000 τάρφθη
623 911 885 999 πολυδακρύτοιο
906 912 1017 994 νόοιο,

190 1014 319 1096 ἐξαῦτίς
340 1039 377 1079 τε
398 1012 557 1079 τέκεσσιν
580 1008 777 1101 ἀμειβομένη
801 1015 1022 1100 προσέταττεν

138 1147 176 1186 215
187 1114 264 1182 ανῦν
284 1115 343 1199 μὲν
366 1113 406 1202 δή
429 1137 484 1179 σευ
508 1113 589 1192 ξεῖνέ
608 1112 639 1177 τ’
664 1110 725 1179 ὐίω
748 1113 986 1201 πειρήσεσθαι,

191 1216 220 1284 εί
242 1217 351 1282 εετεύν
374 1216 412 1302 δή
435 1220 528 1281 κεῖθι
551 1217 607 1280 σύν
630 1213 802 1292 ἀντιθέοις
824 1208 992 1302 ἑτάροισιν

191 1316 334 1398 ξείνισας
355 1315 389 1382 έν
410 1316 602 1401 μεν-άροισιν
623 1315 702 1399 ἐμόν
723 1314 839 1395 πόσιν,
863 1313 907 1394 ιύς
929 1313 1105 1401 άνσρειίεις.

190 1417 288 1485 τειπέ
309 1443 367 1501 μοι
391 1412 514 1483 όπποῖ)
537 1413 624 1483 ὐίσσα
645 1415 724 1504 περὶ
745 1416 820 1503 χροῒ
839 1413 969 1500 νάματ’
993 1414 1120 1500 ὐίσεστσ,

192 1517 291 1597 αὐτός
312 1515 351 1584 θ)
374 1509 444 1594 οἷος
465 1514 530 1605 έην,
554 1518 611 1582 καὶ
634 1513 783 1603 ἑταίρους
806 1519 841 1583 σί
859 1541 916 1583 τοι
939 1516 1087 1585 έπσντο.”

139 1652 178 1691 ιιι
233 1623 290 1709 τήν
313 1615 344 1684 δ’
369 1615 636 1702 ἀπαμειβόμενος
658 1617 809 1706 προσέφη
834 1618 1017 1706 πολύμητις
1036 1617 1210 1702 Ὀδυσσεύς

187 1714 239 1787 “ιύ
260 1721 369 1800 κέναι,
395 1715 552 1807 ἀρταλέον
573 1717 694 1785 τόσσον
714 1717 826 1806 χρόνον
848 1717 954 1808 ἀμφὶς
975 1719 1071 1788 ἐόντα

189 1827 332 1889 εειπεῖν·
355 1817 417 1910 ήδη
438 1821 501 1908 τάρ
522 1847 578 1888 τοι
600 1820 789 1888 ἐνεικοστδν
809 1820 902 1900 τέτος
918 1819 1012 1891 ’ἔστιν

191 1923 227 2005 ἐξ
248 1916 285 1989 οὐ
307 1928 419 1987 κεῖθεν
441 1919 499 2009 έβη
521 1922 579 1987 καί
600 1921 681 2010 ε’μής
703 1919 895 2010 ἀπελήλυθε
917 1921 1060 2014 πάτρης·

192 2023 274 2092 ἀλλὰ
297 2023 354 2089 καὶ
376 2014 422 2101 ιδς
441 2022 542 2111 τερέιυ
564 2021 608 2101 δίς
629 2049 689 2106 μοι
710 2024 921 2090 τινδάλλεται
944 2020 1033 2114 ἦτορ.

138 2155 176 2195 225
189 2129 321 2211 χλαῖναν
343 2125 530 2213 πορφυρέην
551 2124 669 2213 τούλην
690 2122 742 2206 έχε
764 2126 836 2202 δῖος
854 2122 1025 2206 Ὀδυσσεύς

192 2228 323 2314 διπλῆν·
347 2221 447 2309 αὐτάρ
468 2250 524 2291 τοι
547 2225 668 2314 περόνη
690 2232 821 2311 χρυσοῖο
842 2226 978 2293 τέτυκτο

191 2326 339 2394 αὐλοῖσιν
362 2326 545 2411 διδύμοισι.
591 2327 742 2413 πάροιθε
765 2327 801 2394 δὲ
824 2328 982 2395 δαίδαλον
1002 2324 1072 2420 ήεν·

191 2430 226 2497 ἐν
247 2431 440 2516 προτέροισι
462 2429 605 2495 πόδεσσι
629 2428 713 2495 κύων
735 2427 786 2512 ἔχε
808 2426 963 2496 ποικίλον
984 2430 1091 2514 ἐλλόν,

192 2529 396 2617 ἀσπαίροντα
417 2529 515 2595 λάων·
539 2532 577 2597 τὸ
599 2530 636 2596 δέ
658 2530 890 2615 θαυμάζεσκον
912 2531 1069 2616 ἅπαντας,
1141 2619 1144 2624 ,

138 2659 177 2698 τεο
191 2630 236 2711 ιύς
259 2628 293 2698 οἳ
310 2630 440 2720 χρύσευι
463 2630 569 2710 ἐόντες
592 2625 611 2696 δ
632 2632 690 2716 μὲν
710 2632 770 2698 λάε
791 2635 904 2721 νεβρόν
926 2631 1098 2717 άπάτχιον,

192 2735 292 2821 αὐτὰρ
316 2728 335 2799 δ
357 2731 529 2822 ε’κφυτέειν
550 2735 684 2816 μεμαιύς
706 2730 852 2823 ἤσπαιρε
874 2735 1044 2804 πόδεσσιν.

189 2837 246 2903 τὸν
268 2835 305 2901 δὲ
325 2831 435 2918 χιτών)
457 2834 576 2923 ἐνόησα
599 2837 675 2922 περὶ
696 2836 772 2921 χροῒ
793 2837 999 2920 σιταλόεντα,

191 2930 262 3004 οἷόν
283 2961 319 3001 τε
339 2936 497 3023 κρομύοιο
519 2936 624 3002 λοπὸν
645 2934 730 3001 κάτα
752 2933 927 3019 ἰσχαλέοιο.

190 3047 255 3117 τῶς
275 3038 335 3122 μὲν
357 3035 411 3126 ἔην
432 3037 590 3121 μαλακός,
614 3038 765 3124 λαμπρός
787 3034 817 3103 δ’
830 3031 879 3125 ,ἦν
900 3036 1012 3127 ἠέλιος
1033 3039 1091 3121 ὐίς·

138 3133 212 3228 ιειή
233 3141 298 3228 μήν
320 3136 443 3205 πολλαί
463 3136 496 3204 τ’
520 3135 617 3204 αὐτόν
639 3137 824 3227 ἐθηήσαντο
843 3146 999 3222 τυναίκες.

190 3238 270 3308 ἀλλο
293 3240 330 3306 δέ
350 3265 404 3306 τοι
424 3239 541 3324 τερέιο,
565 3240 604 3305 σύ
628 3235 660 3302 δ’
683 3238 731 3305 ἐνὶ
753 3241 851 3328 φρεσὶ
873 3241 992 3328 βάλλεο
1014 3247 1118 3334 σῇσιν.

191 3338 228 3408 οὐ
251 3338 339 3406 παῖδ’
361 3335 383 3426 ἢ
403 3337 480 3405 τάδ’
503 3336 616 3405 ἔτεστο
639 3341 717 3427 περὶ
737 3343 812 3426 χροὶ·
832 3341 970 3411 τοίκοθ’
988 3342 1174 3428 Ὀδυσσεύς,

189 3435 210 3530 ή
230 3466 281 3519 τις
304 3437 441 3526 δταίριον
464 3440 548 3505 δῶκε
570 3441 657 3527 θοῆς
678 3439 737 3506 ἐπὶ
759 3441 835 3530 νηός
857 3440 957 3526 ἰόντι,

189 3540 211 3631 ή
231 3539 283 3620 τίς
305 3553 371 3606 που
394 3541 450 3605 καὶ
473 3541 587 3621 ξεῖνος,
611 3539 688 3606 ἐπεὶ
710 3543 885 3610 πολλοῖσιν
903 3542 1077 3627 Ὀδυσσεύς

137 3673 176 3712 υιο
189 3641 263 3711 ἔσκε
286 3640 397 3731 φίλος·
420 3644 544 3728 παύροι
566 3643 629 3730 τάρ
652 3639 795 3727 Ἀχαιῶν
815 3637 898 3735 ήσαν
921 3644 1039 3732 ὁμοῖοι.

188 3743 246 3812 καί
266 3769 321 3811 τοι
344 3743 407 3810 ἐπιδ
429 3742 583 3825 χάλκειον
604 3739 664 3831 δίορ
687 3745 744 3812 καὶ
767 3745 905 3813 δίπλακ’
928 3745 1036 3816 έδιοκα

188 3848 288 3936 καλήν
311 3846 497 3935 πορφυρέην
519 3847 576 3912 καὶ
597 3847 789 3934 τερμιόεντα
809 3851 946 3933 χιτῶνα,

188 3945 325 4027 αἰδοίως
347 3944 380 4013 δ’
404 3944 607 4031 ἀπέπεμπον
628 3947 806 4031 ἐυσσέλμου
828 3949 888 4017 ἐπὶ
909 3950 993 4040 νηός.

187 4051 244 4116 καί
265 4050 328 4137 μήν
347 4074 404 4116 τοι
425 4050 528 4138 κῆρυξ
549 4046 658 4116 ὐλίι-σν
679 4050 928 4141 προνενέστερος
950 4051 1050 4122 αὐτοῦ

135 4178 173 4218 κιο
189 4155 317 4219 εἵπετο·
339 4153 396 4217 καὶ
417 4152 475 4218 τόν
496 4175 550 4217 τοι
571 4149 785 4240 μυθήσομαι,
810 4145 882 4234 οἷος
904 4152 958 4245 έην
980 4180 1052 4244 περ.

185 4254 282 4340 τυρὸς
303 4252 337 4319 ἐν
359 4250 512 4337 ὐίμοισιν,
535 4253 764 4343 μελανόχροος,
788 4252 1014 4346 οὐλοκάρηνος,

186 4353 376 4445 Εὐρυβάτης
399 4352 430 4422 δ’
454 4352 547 4440 ὄνυμ’
570 4353 658 4424 έσκε·
680 4355 748 4425 τίεν
769 4357 809 4424 δέ
827 4383 886 4442 μιν
908 4354 1019 4442 ἔξοχον
1040 4355 1147 4427 δίλλαιν
