2858 5026
556 272 597 321 18.
635 271 874 322 ΟΔὟΣΣΕΙΛΣ
892 273 915 321 Σ

179 427 284 488 τοῖσιν
306 418 338 488 δ’
361 419 524 502 Ἀντίνοος
545 427 683 514 μετέφη,
703 421 901 503 Ἕσπείθεος
922 423 1004 505 είός,

175 521 332 590 ((κέκλατέ
351 550 425 608 μευ,
448 529 626 614 μνηστῆρες
648 525 815 615 άτῆνορες,
840 523 928 616 όφρα
949 553 985 593 τι
1006 527 1124 596 εείπω.

178 626 332 710 ταστέρες
354 624 422 692 αἵδ’
447 625 547 692 αἰτῶν
569 624 659 694 κέατ’
681 628 715 694 ἐν
736 626 831 715 πυρί,
854 630 914 707 τάς
935 629 994 696 ἐπὶ
1017 630 1132 717 δόρπφ

140 757 166 796 ιε
181 726 381 809 κατθέμεθα
402 726 514 815 κνίσης
535 752 571 794 τε
592 728 649 794 καὶ
672 731 811 812 αἵματος
833 729 1065 817 ἐμπλήσαντες.

180 826 368 912 ὁππότερος
391 828 428 895 δέ
450 853 486 894 κε
508 828 623 918 νικήση
647 828 805 916 κρείσσων
826 854 862 896 τε
882 831 1030 918 τένηται,

177 928 265 994 τάων
287 928 326 1016 ῆν
347 926 380 995 κ’
402 929 559 1018 ἐθέλῃσιν
580 926 723 1010 ἀναστάς
745 927 844 1009 αὐτός
865 928 1006 998 ἑλέσθω·

179 1029 244 1097 αἰεί
269 1027 300 1096 δ’
323 1024 402 1097 αὖθ’
426 1030 505 1120 ῆμιν
526 1032 776 1114 μεταδαίσεται,
801 1028 881 1098 οόδέ
901 1030 965 1098 τιν’
988 1029 1085 1101 ἀλλον

180 1134 310 1215 πτωχὸν
332 1129 397 1199 ἔσω
419 1130 603 1216 μίστεσθαι
627 1132 765 1217 ἐάσομεν
786 1130 992 1220 αἱτῆσοντα.”

138 1265 164 1301 ω
221 1227 265 1313 ὦς
286 1231 381 1323 ἔφατ’
407 1230 585 1314 Ἀντίνοος,
606 1239 715 1301 τοῖσιν
737 1231 768 1301 δ’
790 1233 988 1321 έπιτῆνδανε
1008 1237 1126 1319 μῦθος.

175 1341 245 1413 τοῖς
268 1334 304 1400 δέ
328 1337 552 1424 δολοφρονέων
573 1337 697 1424 μετέφη
720 1335 904 1424 πολύμητις
922 1333 1097 1415 Όδοσσεός

171 1428 223 1500 “ώ
245 1433 353 1523 φίλοι,
378 1432 416 1501 οίί
438 1461 511 1516 πως
532 1433 604 1503 ἔστι
626 1435 770 1524 νεωτέρην
792 1433 886 1522 ἀνδρί
907 1437 1079 1520 μάχεσθαι

177 1534 278 1622 ἀνδρα
299 1535 449 1623 τέροντα,
473 1534 533 1626 δόη
556 1533 725 1625 ἀρημένον·
750 1534 833 1602 ἀλλά
854 1563 896 1621 με
916 1537 1042 1626 ταστῆρ

177 1634 302 1721 ὀτρύνει
325 1638 538 1725 κακοτερτός,
561 1640 615 1703 ἵνα
637 1639 783 1725 πληηῆσι
806 1635 941 1721 δαμείω.

135 1765 162 1805 55
177 1734 250 1803 ἀλλ’
273 1733 333 1802 άτε
354 1739 407 1802 νῦν
427 1763 487 1822 μοι
510 1736 632 1815 πάντες
654 1735 817 1821 ὀμόσσατε
838 1738 992 1824 καρτερόν
1015 1738 1123 1827 ὅρκον,

175 1838 220 1924 μη’
242 1864 293 1916 τις
315 1837 402 1926 Ρίρηι
423 1841 509 1927 τῆρα
531 1839 637 1928 φέρων
659 1839 717 1922 ἐμὲ
737 1840 824 1924 χειρὶ
844 1838 961 1928 βαρείῃ

177 1939 282 2028 πλῆξη
306 1935 540 2021 ἀτασθάλλων,
561 1940 667 2028 τοότηι
692 1939 729 2007 δέ
749 1964 791 2023 με
811 1945 888 2028 τῖφι
911 1938 1093 2029 δαμάσση.”

219 2032 264 2117 ὥς
285 2036 400 2128 ἔφαθ’,
424 2036 459 2106 οἳ
478 2037 509 2107 δ’
533 2037 597 2125 ἀρα
619 2040 740 2118 πάντες
762 2036 939 2123 ἀπώμνυον
961 2037 1005 2119 ώς
1026 2041 1177 2108 ἐκέλευεν.

137 2170 163 2207 ω
176 2145 246 2219 τοῖς
269 2138 300 2206 δ’
323 2135 417 2220 αὖτις
437 2138 608 2228 μετέτειφ)
632 2137 698 2230 ίερῆ
721 2142 774 2218 τίς
801 2141 1005 2229 Τηλεμάχοιο

172 2237 286 2321 ((ξεῖνᾎ
310 2239 344 2307 εί
364 2237 395 2308 σ’
418 2238 542 2330 ὀτρύνει
565 2239 684 2330 κραδίη
707 2242 763 2309 καὶ
786 2243 895 2325 θυμός
918 2240 1046 2331 ἀτηνωρ

175 2345 290 2410 τοῦτον
312 2338 510 2423 ἀλέξασθαι,
533 2345 596 2409 τῶν
619 2340 649 2410 δ’
674 2339 780 2410 ἀλλων
800 2343 846 2431 μή
867 2341 932 2409 τιν>
956 2341 1100 2426 Ἀχαιῶν

178 2440 318 2523 δείδιθ’,
341 2443 417 2510 ἐπεὶ
440 2445 615 2512 πλεόνεσσι
636 2445 820 2533 μαχήσεται
844 2443 879 2524 ὅς
900 2446 937 2513 κέ
958 2469 996 2513 σε
1017 2447 1123 2536 θοίνη.

177 2544 361 2627 ξεινοδόκος
382 2545 442 2629 μέν
463 2545 557 2626 έτών,
581 2545 640 2612 ἐπὶ
664 2543 696 2610 δ’
721 2544 860 2612 αἰνεῖτον
882 2550 1051 2636 βασιλῆες,

137 2676 162 2714 ω
176 2645 340 2724 Ἀντίνοός
361 2671 396 2712 τε
418 2648 475 2712 καὶ
497 2644 700 2733 Εόρόμαχος,
723 2647 919 2729 πεπνυμένω
943 2643 1071 2736 ἀμφω.”

220 2739 264 2827 ὦς
285 2744 401 2837 ἔφαθ’,
426 2744 462 2814 οἳ
482 2744 513 2814 δ’
537 2744 600 2833 ἀρα
623 2748 744 2826 πάντες
766 2747 910 2836 ἐπῄνεον.
957 2746 1058 2836 αότάρ
1078 2746 1251 2830 Ὀόοσσεός

179 2849 307 2931 ζώσατο
329 2849 387 2932 μέν
409 2848 542 2936 ῥάκεσιν
564 2849 643 2933 περί
664 2848 783 2936 μήδεα,
807 2854 904 2937 φαῖνε
926 2848 962 2914 δὲ
984 2849 1107 2937 μηρούς

176 2950 293 3029 καλούς
314 2974 350 3015 τε
370 2948 530 3033 μετάλονς
551 2973 600 3028 τε,
624 2949 725 3039 φάνεν
747 2947 785 3015 δέ
804 2973 859 3015 τοι
882 2947 987 3036 εὐρέες
1009 2944 1097 3034 ώμοι

177 3051 305 3140 στήθεά
327 3075 363 3116 τε
385 3048 541 3135 στιβαροί
561 3075 598 3116 τε
619 3047 801 3134 βραχίονες·
825 3047 927 3138 αὐτὰρ
950 3047 1077 3139 Ἀθήνη

136 3190 162 3228 70
177 3151 253 3235 άτχι
278 3147 613 3240 παρισταμένημέλέ
636 3146 756 3239 ἤλδανε
777 3150 913 3233 ποιμένι
935 3153 1029 3216 λαῶν.

176 3256 352 3342 μνηστῆρες
375 3249 406 3318 δ’
430 3249 493 3342 άρα
515 3252 636 3332 πάντες
657 3248 873 3342 ὑπερφιάλως
894 3249 1070 3321 ἀτάσαντο.

176 3348 241 3422 ὦδε
264 3356 301 3421 δέ
322 3380 375 3434 τις
395 3352 552 3421 τείπεσκε
572 3355 676 3421 τιδών
697 3354 731 3434 ές
753 3353 895 3443 πλησίον
916 3351 1023 3421 ἀλλον.

172 3452 219 3546 “r}
242 3456 326 3539 τάχα
348 3462 450 3542 Ρῖρος
469 3453 606 3545 ’Άτιρος
626 3454 836 3524 ἐπίσπαστον
857 3457 957 3522 κακδν
980 3454 1084 3553 ἔξει,ν

179 3562 250 3647 οἵην
271 3558 307 3625 έκ
330 3559 453 3644 ῥακέων
475 3556 493 3625 ό
516 3559 619 3643 τέρων
640 3557 836 3626 έπιτουνίδα
857 3555 997 3647 φαίνει.”

139 3692 164 3732 τε
222 3652 265 3740 ὧς
288 3656 340 3746 ἀρ’
364 3657 459 3750 ἔφαν,
483 3657 572 3748 Βίρηι
596 3659 633 3726 δέ
654 3663 762 3738 κακῶς
783 3656 918 3747 ὠρίνετο
941 3661 1058 3743 θυμός.

180 3759 262 3829 ἀλλά
284 3763 343 3828 καὶ
365 3751 411 3842 ώς
434 3763 610 3851 δρηστῆρες
632 3756 712 3827 άτον
734 3760 891 3841 ζώσαντες
914 3757 1037 3848 ἀνάτκῃ

180 3865 344 3932 δειδιότα·
367 3864 485 3952 σάρκες
508 3864 545 3932 δέ
568 3862 818 3951 περιτρομέοντο
839 3862 999 3946 μέλεσσιν.

180 3964 343 4045 Ἀντίνοος
366 3965 397 4032 δ)
419 3966 563 4048 ἐνένιπε,
585 3965 687 4044 εέπος
708 3961 739 4030 τ’
764 3959 862 4052 ἔφατ>
885 3961 920 4029 ἔκ
942 3960 973 4028 τ’
996 3958 1161 4045 όνόμαζεν.

176 4069 256 4135 “viv
276 4069 335 4152 μὲν
355 4065 432 4156 μήτ’
456 4065 537 4156 εἴης,
560 4067 712 4151 βοντάιε,
734 4065 818 4154 μήτε
838 4067 962 4145 τένοιο,

142 4201 167 4240 ω
182 4169 211 4238 εἰ
234 4173 272 4259 δῆ
294 4169 411 4236 τοῦτόν
431 4194 469 4235 τε
490 4167 638 4257 τρομέεις
659 4168 715 4233 καὶ
739 4164 866 4245 δείδιας
889 4162 1005 4241 αἰνῶς,

219 4398 250 4448 59
269 4390 356 4466 αὐτὰρ
376 4393 440 4447 ἐπεί
456 4389 482 4463 ῥ’
504 4389 616 4463 ὄμοσάν
634 4407 662 4444 τε
680 4384 844 4455 τελεύτησάν
862 4405 890 4442 τε
908 4385 956 4441 τὸν
975 4381 1068 4459 ὅρκον,
