<?xml version="1.0" encoding="UTF-8"?>
<!DOCTYPE html PUBLIC "-//W3C//DTD XHTML 1.0 Transitional//EN"
    "http://www.w3.org/TR/xhtml1/DTD/xhtml1-transitional.dtd">
<html xmlns="http://www.w3.org/1999/xhtml" xml:lang="en" lang="en">
 <head>
  <title>
</title>
<meta http-equiv="Content-Type" content="text/html;charset=utf-8" />
  <meta name='ocr-system' content='tesseract 3.04.00' />
  <meta name='ocr-capabilities' content='ocr_page ocr_carea ocr_par ocr_line ocrx_word'/>
</head>
<body>
  <div class='ocr_page' id='page_1' title='image "./carminahomerica01homegoog_0167.png"; bbox 0 0 2858 5026; ppageno 0'>
   <div class='ocr_carea' id='block_1_1' title="bbox 191 216 923 282">
    <p class='ocr_par' dir='ltr' id='par_1_1' title="bbox 191 216 923 282">
     <span class='ocr_line' id='line_1_1' title="bbox 191 216 923 282; baseline -0.02 1"><span class='ocrx_word' id='word_1_1' title='bbox 191 217 254 282; x_wconf 87' lang='grc'><em>160</em></span> <span class='ocrx_word' id='word_1_2' title='bbox 559 221 598 267; x_wconf 77' lang='grc' dir='ltr'><em>ιε.</em></span> <span class='ocrx_word' id='word_1_3' title='bbox 636 216 876 270; x_wconf 63' lang='lat' dir='ltr'><em>mmmm</em></span> <span class='ocrx_word' id='word_1_4' title='bbox 894 218 923 269; x_wconf 77' lang='grc' dir='ltr'><em>τι</em></span> 
     </span>
    </p>
   </div>
   <div class='ocr_carea' id='block_1_2' title="bbox 134 365 1228 4306">
    <p class='ocr_par' dir='ltr' id='par_1_2' title="bbox 134 365 1228 4306">
     <span class='ocr_line' id='line_1_2' title="bbox 187 365 999 459; baseline 0.005 -25"><span class='ocrx_word' id='word_1_5' title='bbox 187 365 300 458; x_wconf 89' lang='grc' dir='ltr'><em>ήώθεν</em></span> <span class='ocrx_word' id='word_1_6' title='bbox 322 366 354 434; x_wconf 78' lang='grc' dir='ltr'><em>δ’</em></span> <span class='ocrx_word' id='word_1_7' title='bbox 376 366 553 453; x_wconf 79' lang='grc' dir='ltr'><em>ἀναβάντες</em></span> <span class='ocrx_word' id='word_1_8' title='bbox 573 368 729 458; x_wconf 74' lang='grc' dir='ltr'><em>ἐνήσομεν</em></span> <span class='ocrx_word' id='word_1_9' title='bbox 752 366 836 457; x_wconf 85' lang='grc' dir='ltr'><em>εὐρέι</em></span> <span class='ocrx_word' id='word_1_10' title='bbox 860 366 999 459; x_wconf 72' lang='grc' dir='ltr'><em>πόντῳ.”</em></span> 
     </span>
     <span class='ocr_line' id='line_1_3' title="bbox 232 461 1228 563; baseline 0.003 -27"><span class='ocrx_word' id='word_1_11' title='bbox 232 461 276 549; x_wconf 82' lang='grc' dir='ltr'><em>ὦς</em></span> <span class='ocrx_word' id='word_1_12' title='bbox 297 466 394 559; x_wconf 75' lang='grc' dir='ltr'><em>ἔφατ’</em></span> <span class='ocrx_word' id='word_1_13' title='bbox 416 466 611 559; x_wconf 78' lang='grc' dir='ltr'><em>Εὐρύλοχος,</em></span> <span class='ocrx_word' id='word_1_14' title='bbox 635 470 693 538; x_wconf 78' lang='grc' dir='ltr'><em>ἐπὶ</em></span> <span class='ocrx_word' id='word_1_15' title='bbox 716 467 747 536; x_wconf 79' lang='grc' dir='ltr'><em>δ’</em></span> <span class='ocrx_word' id='word_1_16' title='bbox 770 467 862 560; x_wconf 79' lang='grc' dir='ltr'><em>ᾔνεον</em></span> <span class='ocrx_word' id='word_1_17' title='bbox 885 467 981 539; x_wconf 84' lang='grc' dir='ltr'><em>άλλοι</em></span> <span class='ocrx_word' id='word_1_18' title='bbox 1002 469 1140 560; x_wconf 74' lang='grc' dir='ltr'><em>ἑταῖροι.</em></span> <span class='ocrx_word' id='word_1_19' title='bbox 1224 557 1228 563; x_wconf 25' lang='lat'>¹</span> 
     </span>
     <span class='ocr_line' id='line_1_4' title="bbox 136 565 1124 662; baseline 0 -21"><span class='ocrx_word' id='word_1_20' title='bbox 136 602 175 641; x_wconf 73' lang='grc' dir='ltr'><em>ωε</em></span> <span class='ocrx_word' id='word_1_21' title='bbox 188 571 245 637; x_wconf 85' lang='grc' dir='ltr'><em>καί</em></span> <span class='ocrx_word' id='word_1_22' title='bbox 267 569 344 637; x_wconf 89' lang='grc' dir='ltr'><em>τότε</em></span> <span class='ocrx_word' id='word_1_23' title='bbox 366 572 404 659; x_wconf 87' lang='grc' dir='ltr'><em>δή</em></span> <span class='ocrx_word' id='word_1_24' title='bbox 426 570 606 638; x_wconf 72' lang='grc' dir='ltr'><em>τίτνωσκον</em></span> <span class='ocrx_word' id='word_1_25' title='bbox 627 565 646 638; x_wconf 80' lang='grc' dir='ltr'>ὃ</span> <span class='ocrx_word' id='word_1_26' title='bbox 668 573 707 660; x_wconf 85' lang='grc' dir='ltr'><em>δή</em></span> <span class='ocrx_word' id='word_1_27' title='bbox 730 573 816 638; x_wconf 87' lang='grc' dir='ltr'><em>κακά</em></span> <span class='ocrx_word' id='word_1_28' title='bbox 836 573 960 662; x_wconf 85' lang='grc' dir='ltr'><em>μήδετο</em></span> <span class='ocrx_word' id='word_1_29' title='bbox 982 571 1124 659; x_wconf 87' lang='grc' dir='ltr'><em>δαίμων,</em></span> 
     </span>
     <span class='ocr_line' id='line_1_5' title="bbox 188 669 1052 764; baseline 0.003 -27"><span class='ocrx_word' id='word_1_30' title='bbox 188 669 247 737; x_wconf 91' lang='grc' dir='ltr'><em>καί</em></span> <span class='ocrx_word' id='word_1_31' title='bbox 267 697 324 755; x_wconf 92' lang='grc' dir='ltr'><em>μιν</em></span> <span class='ocrx_word' id='word_1_32' title='bbox 345 672 499 762; x_wconf 76' lang='grc' dir='ltr'><em>φωνήσας</em></span> <span class='ocrx_word' id='word_1_33' title='bbox 518 672 624 740; x_wconf 69' lang='grc' dir='ltr'><em>εέπεα</em></span> <span class='ocrx_word' id='word_1_34' title='bbox 645 672 824 760; x_wconf 88' lang='grc' dir='ltr'><em>πτερόεντα</em></span> <span class='ocrx_word' id='word_1_35' title='bbox 846 673 1052 764; x_wconf 81' lang='grc' dir='ltr'><em>προσηύδων.</em></span> 
     </span>
     <span class='ocr_line' id='line_1_6' title="bbox 183 768 1083 863; baseline 0.006 -25"><span class='ocrx_word' id='word_1_36' title='bbox 183 768 203 796; x_wconf 85' lang='lat'>“</span> <span class='ocrx_word' id='word_1_37' title='bbox 218 770 385 862; x_wconf 79' lang='grc' dir='ltr'><em>Εὐρύλοχ’,</em></span> <span class='ocrx_word' id='word_1_38' title='bbox 408 768 429 862; x_wconf 88' lang='grc' dir='ltr'><em>ή</em></span> <span class='ocrx_word' id='word_1_39' title='bbox 451 772 540 858; x_wconf 95' lang='grc' dir='ltr'><em>μάλα</em></span> <span class='ocrx_word' id='word_1_40' title='bbox 563 774 603 863; x_wconf 91' lang='grc' dir='ltr'><em>δή</em></span> <span class='ocrx_word' id='word_1_41' title='bbox 624 800 666 858; x_wconf 93' lang='grc' dir='ltr'><em>με</em></span> <span class='ocrx_word' id='word_1_42' title='bbox 686 775 818 859; x_wconf 85' lang='grc' dir='ltr'><em>βιάζετε</em></span> <span class='ocrx_word' id='word_1_43' title='bbox 838 783 957 860; x_wconf 82' lang='grc' dir='ltr'><em>μοῦνον</em></span> <span class='ocrx_word' id='word_1_44' title='bbox 977 775 1083 844; x_wconf 87' lang='grc' dir='ltr'><em>ἐόντα.</em></span> 
     </span>
     <span class='ocr_line' id='line_1_7' title="bbox 188 870 1132 965; baseline 0.006 -25"><span class='ocrx_word' id='word_1_45' title='bbox 188 870 255 940; x_wconf 77' lang='grc' dir='ltr'><em>ἀλλ’</em></span> <span class='ocrx_word' id='word_1_46' title='bbox 278 871 338 941; x_wconf 77' lang='grc' dir='ltr'><em>άτε</em></span> <span class='ocrx_word' id='word_1_47' title='bbox 358 877 412 941; x_wconf 89' lang='grc' dir='ltr'><em>νῦν</em></span> <span class='ocrx_word' id='word_1_48' title='bbox 432 900 492 961; x_wconf 93' lang='grc' dir='ltr'><em>μοι</em></span> <span class='ocrx_word' id='word_1_49' title='bbox 514 875 635 955; x_wconf 88' lang='grc' dir='ltr'><em>πάντες</em></span> <span class='ocrx_word' id='word_1_50' title='bbox 657 873 823 961; x_wconf 80' lang='grc' dir='ltr'><em>ὀμόσσατε</em></span> <span class='ocrx_word' id='word_1_51' title='bbox 844 879 998 965; x_wconf 83' lang='grc' dir='ltr'><em>καρτερόν</em></span> <span class='ocrx_word' id='word_1_52' title='bbox 1020 874 1132 965; x_wconf 85' lang='grc' dir='ltr'><em>δ’ρκον,</em></span> 
     </span>
     <span class='ocr_line' id='line_1_8' title="bbox 189 973 1011 1067; baseline 0.004 -24"><span class='ocrx_word' id='word_1_53' title='bbox 189 973 223 1043; x_wconf 75' lang='grc' dir='ltr'><em>εἴ</em></span> <span class='ocrx_word' id='word_1_54' title='bbox 241 976 280 1043; x_wconf 91' lang='grc' dir='ltr'><em>κέ</em></span> <span class='ocrx_word' id='word_1_55' title='bbox 300 973 364 1043; x_wconf 76' lang='grc' dir='ltr'><em>τιν’</em></span> <span class='ocrx_word' id='word_1_56' title='bbox 386 973 424 1065; x_wconf 82' lang='grc' dir='ltr'><em>ήέ</em></span> <span class='ocrx_word' id='word_1_57' title='bbox 446 984 533 1063; x_wconf 86' lang='grc' dir='ltr'><em>βοῶν</em></span> <span class='ocrx_word' id='word_1_58' title='bbox 556 974 674 1067; x_wconf 74' lang='grc' dir='ltr'><em>άτέλην</em></span> <span class='ocrx_word' id='word_1_59' title='bbox 695 974 718 1067; x_wconf 75' lang='grc' dir='ltr'>ἢ</span> <span class='ocrx_word' id='word_1_60' title='bbox 740 980 814 1044; x_wconf 84' lang='grc' dir='ltr'><em>πῶυ</em></span> <span class='ocrx_word' id='word_1_61' title='bbox 835 974 910 1063; x_wconf 71' lang='grc' dir='ltr'><em>μέτ’</em></span> <span class='ocrx_word' id='word_1_62' title='bbox 933 975 1011 1046; x_wconf 83' lang='grc' dir='ltr'><em>οίών</em></span> 
     </span>
     <span class='ocr_line' id='line_1_9' title="bbox 135 1075 984 1168; baseline -0.005 -18"><span class='ocrx_word' id='word_1_63' title='bbox 135 1110 175 1150; x_wconf 80' lang='grc' dir='ltr'><em>ιω</em></span> <span class='ocrx_word' id='word_1_64' title='bbox 189 1075 342 1167; x_wconf 86' lang='grc' dir='ltr'><em>εῦρωμεν,</em></span> <span class='ocrx_word' id='word_1_65' title='bbox 364 1077 409 1167; x_wconf 91' lang='grc' dir='ltr'><em>μή</em></span> <span class='ocrx_word' id='word_1_66' title='bbox 431 1080 497 1146; x_wconf 89' lang='grc' dir='ltr'><em>πού</em></span> <span class='ocrx_word' id='word_1_67' title='bbox 519 1105 571 1159; x_wconf 93' lang='grc' dir='ltr'><em>τις</em></span> <span class='ocrx_word' id='word_1_68' title='bbox 593 1076 820 1167; x_wconf 74' lang='grc' dir='ltr'><em>ἀτασθαλίῃσι</em></span> <span class='ocrx_word' id='word_1_69' title='bbox 842 1081 984 1168; x_wconf 79' lang='grc' dir='ltr'><em>κακῇσιν</em></span> 
     </span>
     <span class='ocr_line' id='line_1_10' title="bbox 187 1174 1011 1269; baseline 0.002 -25"><span class='ocrx_word' id='word_1_70' title='bbox 187 1174 209 1268; x_wconf 78' lang='grc' dir='ltr'>ἢ</span> <span class='ocrx_word' id='word_1_71' title='bbox 230 1182 310 1265; x_wconf 82' lang='grc' dir='ltr'><em>βοῦν</em></span> <span class='ocrx_word' id='word_1_72' title='bbox 330 1176 369 1267; x_wconf 87' lang='grc' dir='ltr'><em>ήέ</em></span> <span class='ocrx_word' id='word_1_73' title='bbox 388 1204 423 1245; x_wconf 91' lang='grc' dir='ltr'><em>τι</em></span> <span class='ocrx_word' id='word_1_74' title='bbox 443 1182 546 1268; x_wconf 82' lang='grc' dir='ltr'><em>μῆλον</em></span> <span class='ocrx_word' id='word_1_75' title='bbox 567 1177 753 1268; x_wconf 75' lang='grc' dir='ltr'><em>ἀποκτάνῃ·</em></span> <span class='ocrx_word' id='word_1_76' title='bbox 775 1176 858 1247; x_wconf 87' lang='grc' dir='ltr'><em>ἀλλά</em></span> <span class='ocrx_word' id='word_1_77' title='bbox 878 1180 1011 1269; x_wconf 69' lang='grc' dir='ltr'><em>εέκηλοι</em></span> 
     </span>
     <span class='ocr_line' id='line_1_11' title="bbox 188 1278 990 1371; baseline 0.001 -24"><span class='ocrx_word' id='word_1_78' title='bbox 188 1278 322 1348; x_wconf 75' lang='grc' dir='ltr'><em>ἐσθίετε</em></span> <span class='ocrx_word' id='word_1_79' title='bbox 342 1279 474 1370; x_wconf 82' lang='grc' dir='ltr'><em>βρώμην</em></span> <span class='ocrx_word' id='word_1_80' title='bbox 495 1282 552 1368; x_wconf 89' lang='grc' dir='ltr'><em>τήν</em></span> <span class='ocrx_word' id='word_1_81' title='bbox 574 1279 726 1370; x_wconf 75' lang='grc' dir='ltr'><em>ἀθανάτη</em></span> <span class='ocrx_word' id='word_1_82' title='bbox 749 1280 835 1370; x_wconf 89' lang='grc' dir='ltr'><em>πόρε</em></span> <span class='ocrx_word' id='word_1_83' title='bbox 854 1278 990 1371; x_wconf 78' lang='grc' dir='ltr'><em>Κίρκη.”</em></span> 
     </span>
     <span class='ocr_line' id='line_1_12' title="bbox 231 1372 1125 1469; baseline 0.002 -23"><span class='ocrx_word' id='word_1_84' title='bbox 231 1372 276 1460; x_wconf 85' lang='grc' dir='ltr'><em>ὧς</em></span> <span class='ocrx_word' id='word_1_85' title='bbox 298 1378 440 1469; x_wconf 85' lang='grc' dir='ltr'><em>ἐφάμην,</em></span> <span class='ocrx_word' id='word_1_86' title='bbox 465 1375 501 1446; x_wconf 77' lang='grc' dir='ltr'><em>οἳ</em></span> <span class='ocrx_word' id='word_1_87' title='bbox 520 1378 553 1445; x_wconf 60' lang='grc' dir='ltr'><em>δ)</em></span> <span class='ocrx_word' id='word_1_88' title='bbox 575 1377 682 1447; x_wconf 77' lang='grc' dir='ltr'><em>αὐτίκ’</em></span> <span class='ocrx_word' id='word_1_89' title='bbox 706 1377 882 1466; x_wconf 80' lang='grc' dir='ltr'><em>ἀπώμνυον</em></span> <span class='ocrx_word' id='word_1_90' title='bbox 903 1378 947 1462; x_wconf 86' lang='grc' dir='ltr'><em>ώς</em></span> <span class='ocrx_word' id='word_1_91' title='bbox 967 1380 1125 1450; x_wconf 88' lang='grc' dir='ltr'><em>ἐκέλευον.</em></span> 
     </span>
     <span class='ocr_line' id='line_1_13' title="bbox 189 1476 1125 1572; baseline 0.002 -23"><span class='ocrx_word' id='word_1_92' title='bbox 189 1479 291 1570; x_wconf 84' lang='grc' dir='ltr'><em>αύτάρ</em></span> <span class='ocrx_word' id='word_1_93' title='bbox 313 1479 389 1547; x_wconf 85' lang='grc' dir='ltr'><em>ἐπεί</em></span> <span class='ocrx_word' id='word_1_94' title='bbox 410 1478 441 1569; x_wconf 78' lang='grc' dir='ltr'><em>ῥ’</em></span> <span class='ocrx_word' id='word_1_95' title='bbox 466 1476 590 1565; x_wconf 84' lang='grc' dir='ltr'><em>όμοσάν</em></span> <span class='ocrx_word' id='word_1_96' title='bbox 611 1506 646 1549; x_wconf 92' lang='grc' dir='ltr'><em>τε</em></span> <span class='ocrx_word' id='word_1_97' title='bbox 666 1482 859 1571; x_wconf 78' lang='grc' dir='ltr'><em>τελεύτησάν</em></span> <span class='ocrx_word' id='word_1_98' title='bbox 880 1508 916 1550; x_wconf 92' lang='grc' dir='ltr'><em>τε</em></span> <span class='ocrx_word' id='word_1_99' title='bbox 935 1484 993 1551; x_wconf 89' lang='grc' dir='ltr'><em>τδν</em></span> <span class='ocrx_word' id='word_1_100' title='bbox 1015 1481 1125 1572; x_wconf 81' lang='grc' dir='ltr'><em>ὅρκον,</em></span> 
     </span>
     <span class='ocr_line' id='line_1_14' title="bbox 135 1582 969 1673; baseline -0.005 -18"><span class='ocrx_word' id='word_1_101' title='bbox 135 1613 175 1656; x_wconf 79' lang='grc' dir='ltr'><em>ωε</em></span> <span class='ocrx_word' id='word_1_102' title='bbox 189 1582 352 1673; x_wconf 82' lang='grc' dir='ltr'><em>στήσαμεν</em></span> <span class='ocrx_word' id='word_1_103' title='bbox 372 1582 407 1649; x_wconf 87' lang='grc' dir='ltr'><em>ἐν</em></span> <span class='ocrx_word' id='word_1_104' title='bbox 427 1582 535 1666; x_wconf 81' lang='grc' dir='ltr'><em>λιμένι</em></span> <span class='ocrx_word' id='word_1_105' title='bbox 555 1585 713 1673; x_wconf 75' lang='grc' dir='ltr'><em>τλαφυρηῦ</em></span> <span class='ocrx_word' id='word_1_106' title='bbox 734 1583 888 1671; x_wconf 72' lang='grc' dir='ltr'><em>ἐυεερτέα</em></span> <span class='ocrx_word' id='word_1_107' title='bbox 908 1586 969 1672; x_wconf 86' lang='grc' dir='ltr'><em>νήα</em></span> 
     </span>
     <span class='ocr_line' id='line_1_15' title="bbox 188 1682 1068 1775; baseline 0.001 -22"><span class='ocrx_word' id='word_1_108' title='bbox 188 1683 262 1771; x_wconf 77' lang='grc' dir='ltr'><em>άτχ’</em></span> <span class='ocrx_word' id='word_1_109' title='bbox 284 1683 405 1764; x_wconf 86' lang='grc' dir='ltr'><em>ῦδατος</em></span> <span class='ocrx_word' id='word_1_110' title='bbox 425 1687 610 1773; x_wconf 78' lang='grc' dir='ltr'><em>τλυκεροῖο,</em></span> <span class='ocrx_word' id='word_1_111' title='bbox 632 1686 690 1752; x_wconf 84' lang='grc' dir='ltr'><em>καί</em></span> <span class='ocrx_word' id='word_1_112' title='bbox 712 1685 921 1775; x_wconf 80' lang='grc' dir='ltr'><em>ἐξαπέβησαν</em></span> <span class='ocrx_word' id='word_1_113' title='bbox 943 1682 1068 1772; x_wconf 76' lang='grc' dir='ltr'><em>ἑταῖροι</em></span> 
     </span>
     <span class='ocr_line' id='line_1_16' title="bbox 188 1785 1076 1879; baseline -0.003 -23"><span class='ocrx_word' id='word_1_114' title='bbox 188 1788 277 1879; x_wconf 89' lang='grc' dir='ltr'><em>νηός,</em></span> <span class='ocrx_word' id='word_1_115' title='bbox 301 1785 419 1854; x_wconf 77' lang='grc' dir='ltr'><em>ἔπειτα</em></span> <span class='ocrx_word' id='word_1_116' title='bbox 441 1787 479 1854; x_wconf 80' lang='grc' dir='ltr'><em>δὲ</em></span> <span class='ocrx_word' id='word_1_117' title='bbox 501 1786 625 1877; x_wconf 83' lang='grc' dir='ltr'><em>δόρπον</em></span> <span class='ocrx_word' id='word_1_118' title='bbox 647 1786 874 1871; x_wconf 81' lang='grc' dir='ltr'><em>ἐπισταμένως</em></span> <span class='ocrx_word' id='word_1_119' title='bbox 894 1785 1076 1855; x_wconf 85' lang='grc' dir='ltr'><em>τετύκοντο.</em></span> 
     </span>
     <span class='ocr_line' id='line_1_17' title="bbox 189 1886 1026 1979; baseline -0.004 -22"><span class='ocrx_word' id='word_1_120' title='bbox 189 1888 291 1978; x_wconf 88' lang='grc' dir='ltr'><em>αύτάρ</em></span> <span class='ocrx_word' id='word_1_121' title='bbox 313 1889 389 1957; x_wconf 83' lang='grc' dir='ltr'><em>ἐπεὶ</em></span> <span class='ocrx_word' id='word_1_122' title='bbox 410 1887 532 1969; x_wconf 91' lang='grc' dir='ltr'><em>πόσιος</em></span> <span class='ocrx_word' id='word_1_123' title='bbox 554 1890 612 1958; x_wconf 85' lang='grc' dir='ltr'><em>καί</em></span> <span class='ocrx_word' id='word_1_124' title='bbox 633 1889 766 1979; x_wconf 77' lang='grc' dir='ltr'><em>ἐδητύος</em></span> <span class='ocrx_word' id='word_1_125' title='bbox 787 1889 824 1970; x_wconf 81' lang='grc' dir='ltr'><em>ἐξ</em></span> <span class='ocrx_word' id='word_1_126' title='bbox 843 1886 917 1976; x_wconf 79' lang='grc' dir='ltr'><em>έρον</em></span> <span class='ocrx_word' id='word_1_127' title='bbox 939 1888 1026 1968; x_wconf 74' lang='grc' dir='ltr'><em>ἕντο,</em></span> 
     </span>
     <span class='ocr_line' id='line_1_18' title="bbox 188 1986 1067 2081; baseline -0.003 -22"><span class='ocrx_word' id='word_1_128' title='bbox 188 1993 389 2081; x_wconf 84' lang='grc' dir='ltr'><em>μνησάμενοι</em></span> <span class='ocrx_word' id='word_1_129' title='bbox 413 1994 452 2079; x_wconf 86' lang='grc' dir='ltr'><em>δή</em></span> <span class='ocrx_word' id='word_1_130' title='bbox 476 1989 593 2058; x_wconf 71' lang='grc' dir='ltr'><em>ἔπειτα</em></span> <span class='ocrx_word' id='word_1_131' title='bbox 615 1990 734 2081; x_wconf 85' lang='grc' dir='ltr'><em>φίλους</em></span> <span class='ocrx_word' id='word_1_132' title='bbox 756 1988 886 2057; x_wconf 79' lang='grc' dir='ltr'><em>ἔκλαιον</em></span> <span class='ocrx_word' id='word_1_133' title='bbox 907 1986 1067 2078; x_wconf 76' lang='grc' dir='ltr'><em>ἑταίρους,</em></span> 
     </span>
     <span class='ocr_line' id='line_1_19' title="bbox 136 2088 1014 2181; baseline -0.002 -22"><span class='ocrx_word' id='word_1_134' title='bbox 136 2121 176 2160; x_wconf 80' lang='grc' dir='ltr'><em>τω</em></span> <span class='ocrx_word' id='word_1_135' title='bbox 191 2090 247 2172; x_wconf 79' lang='grc' dir='ltr'><em>οῦς</em></span> <span class='ocrx_word' id='word_1_136' title='bbox 268 2090 372 2181; x_wconf 75' lang='grc' dir='ltr'><em>ἔφαν-ε</em></span> <span class='ocrx_word' id='word_1_137' title='bbox 391 2092 515 2180; x_wconf 82' lang='grc' dir='ltr'><em>Σκύλλη</em></span> <span class='ocrx_word' id='word_1_138' title='bbox 537 2095 705 2181; x_wconf 76' lang='grc' dir='ltr'><em>τλαφυρής</em></span> <span class='ocrx_word' id='word_1_139' title='bbox 727 2092 763 2159; x_wconf 90' lang='grc' dir='ltr'><em>ἐκ</em></span> <span class='ocrx_word' id='word_1_140' title='bbox 785 2092 860 2180; x_wconf 86' lang='grc' dir='ltr'><em>νηός</em></span> <span class='ocrx_word' id='word_1_141' title='bbox 882 2088 1014 2158; x_wconf 78' lang='grc' dir='ltr'><em>ἑλοῦσα·</em></span> 
     </span>
     <span class='ocr_line' id='line_1_20' title="bbox 188 2191 1052 2281; baseline 0 -22"><span class='ocrx_word' id='word_1_142' title='bbox 188 2193 396 2261; x_wconf 82' lang='grc' dir='ltr'><em>κλαιόντεσσι</em></span> <span class='ocrx_word' id='word_1_143' title='bbox 419 2192 457 2258; x_wconf 81' lang='grc' dir='ltr'><em>δέ</em></span> <span class='ocrx_word' id='word_1_144' title='bbox 478 2199 584 2260; x_wconf 91' lang='grc' dir='ltr'><em>τοῖσιν</em></span> <span class='ocrx_word' id='word_1_145' title='bbox 606 2193 756 2281; x_wconf 89' lang='grc' dir='ltr'><em>ἐπήλυθε</em></span> <span class='ocrx_word' id='word_1_146' title='bbox 777 2193 921 2281; x_wconf 70' lang='grc' dir='ltr'><em>εήδυμος</em></span> <span class='ocrx_word' id='word_1_147' title='bbox 942 2191 1052 2272; x_wconf 89' lang='grc' dir='ltr'><em>ῦπνος.</em></span> 
     </span>
     <span class='ocr_line' id='line_1_21' title="bbox 188 2287 1141 2384; baseline 0.001 -24"><span class='ocrx_word' id='word_1_148' title='bbox 188 2287 270 2383; x_wconf 85' lang='grc' dir='ltr'><em>ήμος</em></span> <span class='ocrx_word' id='word_1_149' title='bbox 292 2293 329 2360; x_wconf 81' lang='grc' dir='ltr'><em>δὲ</em></span> <span class='ocrx_word' id='word_1_150' title='bbox 350 2291 444 2382; x_wconf 84' lang='grc' dir='ltr'><em>τρίχα</em></span> <span class='ocrx_word' id='word_1_151' title='bbox 465 2296 579 2373; x_wconf 84' lang='grc' dir='ltr'><em>νυκτός</em></span> <span class='ocrx_word' id='word_1_152' title='bbox 601 2291 669 2382; x_wconf 76' lang='grc' dir='ltr'><em>ἔην,</em></span> <span class='ocrx_word' id='word_1_153' title='bbox 692 2294 774 2378; x_wconf 87' lang='grc' dir='ltr'><em>μετά</em></span> <span class='ocrx_word' id='word_1_154' title='bbox 797 2291 829 2360; x_wconf 77' lang='grc' dir='ltr'><em>δ’</em></span> <span class='ocrx_word' id='word_1_155' title='bbox 852 2290 956 2382; x_wconf 82' lang='grc' dir='ltr'><em>άστρα</em></span> <span class='ocrx_word' id='word_1_156' title='bbox 976 2294 1141 2384; x_wconf 86' lang='grc' dir='ltr'><em>βεβήκειν,</em></span> 
     </span>
     <span class='ocr_line' id='line_1_22' title="bbox 189 2388 972 2485; baseline 0.003 -24"><span class='ocrx_word' id='word_1_157' title='bbox 189 2388 291 2483; x_wconf 79' lang='grc' dir='ltr'><em>ὦρσεν</em></span> <span class='ocrx_word' id='word_1_158' title='bbox 313 2391 372 2461; x_wconf 80' lang='grc' dir='ltr'><em>έπι</em></span> <span class='ocrx_word' id='word_1_159' title='bbox 395 2395 474 2483; x_wconf 83' lang='grc' dir='ltr'><em>ζαῆν</em></span> <span class='ocrx_word' id='word_1_160' title='bbox 495 2391 612 2479; x_wconf 86' lang='grc' dir='ltr'><em>άνεμον</em></span> <span class='ocrx_word' id='word_1_161' title='bbox 632 2395 866 2485; x_wconf 80' lang='grc' dir='ltr'><em>νεφελητερέτα</em></span> <span class='ocrx_word' id='word_1_162' title='bbox 888 2395 972 2474; x_wconf 88' lang='grc' dir='ltr'><em>Ζεύς</em></span> 
     </span>
     <span class='ocr_line' id='line_1_23' title="bbox 188 2490 1015 2586; baseline 0.004 -25"><span class='ocrx_word' id='word_1_163' title='bbox 188 2493 330 2562; x_wconf 89' lang='grc' dir='ltr'><em>λαίλαπι</em></span> <span class='ocrx_word' id='word_1_164' title='bbox 352 2493 534 2585; x_wconf 77' lang='grc' dir='ltr'><em>θεσπεσίῃ,</em></span> <span class='ocrx_word' id='word_1_165' title='bbox 558 2498 615 2564; x_wconf 89' lang='grc' dir='ltr'><em>σδν</em></span> <span class='ocrx_word' id='word_1_166' title='bbox 637 2490 674 2564; x_wconf 84' lang='grc' dir='ltr'><em>δὲ</em></span> <span class='ocrx_word' id='word_1_167' title='bbox 695 2497 845 2586; x_wconf 81' lang='grc' dir='ltr'><em>νεφέεσσι</em></span> <span class='ocrx_word' id='word_1_168' title='bbox 868 2497 1015 2586; x_wconf 85' lang='grc' dir='ltr'><em>κάλυψεν</em></span> 
     </span>
     <span class='ocr_line' id='line_1_24' title="bbox 135 2593 1102 2687; baseline -0.001 -24"><span class='ocrx_word' id='word_1_169' title='bbox 135 2623 174 2664; x_wconf 78' lang='grc' dir='ltr'><em>σω</em></span> <span class='ocrx_word' id='word_1_170' title='bbox 187 2601 284 2664; x_wconf 76' lang='grc' dir='ltr'><em>ταῖαν</em></span> <span class='ocrx_word' id='word_1_171' title='bbox 305 2593 386 2681; x_wconf 85' lang='grc' dir='ltr'><em>δμοῦ</em></span> <span class='ocrx_word' id='word_1_172' title='bbox 406 2599 463 2664; x_wconf 80' lang='grc' dir='ltr'><em>καί</em></span> <span class='ocrx_word' id='word_1_173' title='bbox 485 2596 619 2666; x_wconf 85' lang='grc' dir='ltr'><em>πόντον·</em></span> <span class='ocrx_word' id='word_1_174' title='bbox 643 2594 760 2687; x_wconf 85' lang='grc' dir='ltr'><em>ὀρώρει</em></span> <span class='ocrx_word' id='word_1_175' title='bbox 782 2593 814 2664; x_wconf 79' lang='grc' dir='ltr'><em>δ’</em></span> <span class='ocrx_word' id='word_1_176' title='bbox 836 2593 1016 2686; x_wconf 88' lang='grc' dir='ltr'><em>ούρανόθεν</em></span> <span class='ocrx_word' id='word_1_177' title='bbox 1037 2595 1102 2678; x_wconf 86' lang='grc' dir='ltr'><em>νύξ.</em></span> 
     </span>
     <span class='ocr_line' id='line_1_25' title="bbox 187 2693 1002 2789; baseline 0.001 -25"><span class='ocrx_word' id='word_1_178' title='bbox 187 2693 272 2788; x_wconf 87' lang='grc' dir='ltr'><em>ήμος</em></span> <span class='ocrx_word' id='word_1_179' title='bbox 294 2694 324 2764; x_wconf 83' lang='grc' dir='ltr'><em>δ’</em></span> <span class='ocrx_word' id='word_1_180' title='bbox 348 2695 512 2787; x_wconf 75' lang='grc' dir='ltr'><em>ήριτένεια</em></span> <span class='ocrx_word' id='word_1_181' title='bbox 534 2699 620 2789; x_wconf 87' lang='grc' dir='ltr'><em>φάνη</em></span> <span class='ocrx_word' id='word_1_182' title='bbox 644 2699 884 2787; x_wconf 83' lang='grc' dir='ltr'><em>ῥοδοδάκτυλος</em></span> <span class='ocrx_word' id='word_1_183' title='bbox 902 2696 1002 2779; x_wconf 86' lang='grc' dir='ltr'><em>Ἠώς,</em></span> 
     </span>
     <span class='ocr_line' id='line_1_26' title="bbox 187 2797 1073 2889; baseline -0.001 -22"><span class='ocrx_word' id='word_1_184' title='bbox 187 2804 248 2888; x_wconf 86' lang='grc' dir='ltr'><em>νήα</em></span> <span class='ocrx_word' id='word_1_185' title='bbox 270 2798 329 2884; x_wconf 83' lang='grc' dir='ltr'><em>μὲν</em></span> <span class='ocrx_word' id='word_1_186' title='bbox 351 2797 552 2889; x_wconf 79' lang='grc' dir='ltr'><em>ὡρμίσαμεν,</em></span> <span class='ocrx_word' id='word_1_187' title='bbox 575 2804 685 2868; x_wconf 85' lang='grc' dir='ltr'><em>κοῖλον</em></span> <span class='ocrx_word' id='word_1_188' title='bbox 706 2800 809 2879; x_wconf 84' lang='grc' dir='ltr'><em>σπέος</em></span> <span class='ocrx_word' id='word_1_189' title='bbox 831 2798 1073 2889; x_wconf 68' lang='grc' dir='ltr'><em>ἐστερύσαντες·</em></span> 
     </span>
     <span class='ocr_line' id='line_1_27' title="bbox 189 2897 1080 2990; baseline 0 -23"><span class='ocrx_word' id='word_1_190' title='bbox 189 2897 272 2967; x_wconf 78' lang='grc' dir='ltr'><em>ένθα</em></span> <span class='ocrx_word' id='word_1_191' title='bbox 295 2897 327 2966; x_wconf 77' lang='grc' dir='ltr'><em>δ’</em></span> <span class='ocrx_word' id='word_1_192' title='bbox 350 2898 428 2967; x_wconf 82' lang='grc' dir='ltr'><em>ἔσαν</em></span> <span class='ocrx_word' id='word_1_193' title='bbox 448 2901 599 2990; x_wconf 88' lang='grc' dir='ltr'><em>νυμφέων</em></span> <span class='ocrx_word' id='word_1_194' title='bbox 620 2902 717 2968; x_wconf 85' lang='grc' dir='ltr'><em>καλοί</em></span> <span class='ocrx_word' id='word_1_195' title='bbox 738 2901 832 2988; x_wconf 84' lang='grc' dir='ltr'><em>χοροί</em></span> <span class='ocrx_word' id='word_1_196' title='bbox 853 2898 914 2990; x_wconf 81' lang='grc' dir='ltr'><em>ήδὲ</em></span> <span class='ocrx_word' id='word_1_197' title='bbox 936 2900 1080 2968; x_wconf 88' lang='grc' dir='ltr'><em>θόωκοι·</em></span> 
     </span>
     <span class='ocr_line' id='line_1_28' title="bbox 188 2997 1138 3092; baseline 0.001 -26"><span class='ocrx_word' id='word_1_198' title='bbox 188 3001 245 3067; x_wconf 85' lang='grc' dir='ltr'><em>καί</em></span> <span class='ocrx_word' id='word_1_199' title='bbox 265 2997 337 3067; x_wconf 79' lang='grc' dir='ltr'><em>τότ’</em></span> <span class='ocrx_word' id='word_1_200' title='bbox 359 3000 441 3068; x_wconf 80' lang='grc' dir='ltr'><em>ἐτών</em></span> <span class='ocrx_word' id='word_1_201' title='bbox 463 2999 582 3092; x_wconf 75' lang='grc' dir='ltr'><em>ἀτορήν</em></span> <span class='ocrx_word' id='word_1_202' title='bbox 603 3004 742 3088; x_wconf 90' lang='grc' dir='ltr'><em>θέμενος</em></span> <span class='ocrx_word' id='word_1_203' title='bbox 762 3005 846 3090; x_wconf 87' lang='grc' dir='ltr'><em>μετά</em></span> <span class='ocrx_word' id='word_1_204' title='bbox 866 3006 976 3088; x_wconf 88' lang='grc' dir='ltr'><em>μῦθον</em></span> <span class='ocrx_word' id='word_1_205' title='bbox 997 2999 1138 3069; x_wconf 58' lang='grc' dir='ltr'><em>ἐλεειπον.</em></span> 
     </span>
     <span class='ocr_line' id='line_1_29' title="bbox 136 3093 1054 3194; baseline 0.003 -27"><span class='ocrx_word' id='word_1_206' title='bbox 136 3093 238 3167; x_wconf 79' lang='grc' dir='ltr'><em>εω“ώ</em></span> <span class='ocrx_word' id='word_1_207' title='bbox 261 3099 366 3190; x_wconf 88' lang='grc' dir='ltr'><em>φίλοι,</em></span> <span class='ocrx_word' id='word_1_208' title='bbox 390 3102 424 3168; x_wconf 82' lang='grc' dir='ltr'><em>ἐν</em></span> <span class='ocrx_word' id='word_1_209' title='bbox 444 3105 506 3192; x_wconf 75' lang='grc' dir='ltr'><em>τδρ</em></span> <span class='ocrx_word' id='word_1_210' title='bbox 528 3104 580 3192; x_wconf 83' lang='grc' dir='ltr'><em>νηί</em></span> <span class='ocrx_word' id='word_1_211' title='bbox 602 3107 672 3194; x_wconf 80' lang='grc' dir='ltr'><em>θοῇ</em></span> <span class='ocrx_word' id='word_1_212' title='bbox 692 3104 817 3193; x_wconf 85' lang='grc' dir='ltr'><em>βρῶσίς</em></span> <span class='ocrx_word' id='word_1_213' title='bbox 837 3130 875 3170; x_wconf 89' lang='grc' dir='ltr'><em>τε</em></span> <span class='ocrx_word' id='word_1_214' title='bbox 896 3104 998 3183; x_wconf 89' lang='grc' dir='ltr'><em>πόσις</em></span> <span class='ocrx_word' id='word_1_215' title='bbox 1017 3129 1054 3170; x_wconf 87' lang='grc' dir='ltr'><em>τε</em></span> 
     </span>
     <span class='ocr_line' id='line_1_30' title="bbox 188 3199 1109 3292; baseline 0.004 -24"><span class='ocrx_word' id='word_1_216' title='bbox 188 3199 290 3282; x_wconf 74' lang='grc' dir='ltr'><em>ἐστιν,</em></span> <span class='ocrx_word' id='word_1_217' title='bbox 313 3205 377 3268; x_wconf 84' lang='grc' dir='ltr'><em>τῶν</em></span> <span class='ocrx_word' id='word_1_218' title='bbox 399 3203 436 3270; x_wconf 82' lang='grc' dir='ltr'><em>δὲ</em></span> <span class='ocrx_word' id='word_1_219' title='bbox 457 3206 544 3287; x_wconf 85' lang='grc' dir='ltr'><em>βοῶν</em></span> <span class='ocrx_word' id='word_1_220' title='bbox 566 3202 786 3289; x_wconf 88' lang='grc' dir='ltr'><em>ἀπεχώμεθα,</em></span> <span class='ocrx_word' id='word_1_221' title='bbox 808 3205 853 3292; x_wconf 90' lang='grc' dir='ltr'><em>μή</em></span> <span class='ocrx_word' id='word_1_222' title='bbox 875 3229 909 3269; x_wconf 93' lang='grc' dir='ltr'><em>τι</em></span> <span class='ocrx_word' id='word_1_223' title='bbox 932 3205 1109 3289; x_wconf 88' lang='grc' dir='ltr'><em>πάθωμεν·</em></span> 
     </span>
     <span class='ocr_line' id='line_1_31' title="bbox 189 3303 999 3393; baseline 0.002 -25"><span class='ocrx_word' id='word_1_224' title='bbox 189 3304 297 3369; x_wconf 79' lang='grc' dir='ltr'><em>δεινοῦ</em></span> <span class='ocrx_word' id='word_1_225' title='bbox 318 3303 380 3391; x_wconf 78' lang='grc' dir='ltr'><em>τδρ</em></span> <span class='ocrx_word' id='word_1_226' title='bbox 402 3306 485 3370; x_wconf 90' lang='grc' dir='ltr'><em>θεοῦ</em></span> <span class='ocrx_word' id='word_1_227' title='bbox 507 3307 581 3371; x_wconf 80' lang='grc' dir='ltr'><em>αἵδε</em></span> <span class='ocrx_word' id='word_1_228' title='bbox 602 3304 679 3390; x_wconf 87' lang='grc' dir='ltr'><em>βόες</em></span> <span class='ocrx_word' id='word_1_229' title='bbox 700 3305 757 3371; x_wconf 81' lang='grc' dir='ltr'><em>καί</em></span> <span class='ocrx_word' id='word_1_230' title='bbox 778 3303 878 3393; x_wconf 73' lang='grc' dir='ltr'><em>είφια</em></span> <span class='ocrx_word' id='word_1_231' title='bbox 899 3305 999 3393; x_wconf 84' lang='grc' dir='ltr'><em>μήλα,</em></span> 
     </span>
     <span class='ocr_line' id='line_1_32' title="bbox 184 3396 1047 3493; baseline 0.002 -24"><span class='ocrx_word' id='word_1_232' title='bbox 184 3400 327 3483; x_wconf 85' lang='grc' dir='ltr'><em>Ἠελίου,</em></span> <span class='ocrx_word' id='word_1_233' title='bbox 352 3396 389 3482; x_wconf 82' lang='grc' dir='ltr'><em>ός</em></span> <span class='ocrx_word' id='word_1_234' title='bbox 410 3400 509 3470; x_wconf 79' lang='grc' dir='ltr'><em>πάντ’</em></span> <span class='ocrx_word' id='word_1_235' title='bbox 531 3403 638 3493; x_wconf 83' lang='grc' dir='ltr'><em>ἐφορᾷ</em></span> <span class='ocrx_word' id='word_1_236' title='bbox 659 3404 716 3470; x_wconf 80' lang='grc' dir='ltr'><em>καὶ</em></span> <span class='ocrx_word' id='word_1_237' title='bbox 739 3399 837 3469; x_wconf 77' lang='grc' dir='ltr'><em>πάντ’</em></span> <span class='ocrx_word' id='word_1_238' title='bbox 860 3401 1047 3472; x_wconf 80' lang='grc' dir='ltr'><em>ἐπακούει.”</em></span> 
     </span>
     <span class='ocr_line' id='line_1_33' title="bbox 233 3496 1140 3596; baseline 0.003 -25"><span class='ocrx_word' id='word_1_239' title='bbox 233 3496 278 3583; x_wconf 85' lang='grc' dir='ltr'><em>ώς</em></span> <span class='ocrx_word' id='word_1_240' title='bbox 299 3501 441 3594; x_wconf 81' lang='grc' dir='ltr'><em>ἐφάμην,</em></span> <span class='ocrx_word' id='word_1_241' title='bbox 463 3509 570 3570; x_wconf 85' lang='grc' dir='ltr'><em>τοῖσιν</em></span> <span class='ocrx_word' id='word_1_242' title='bbox 593 3502 623 3570; x_wconf 82' lang='grc' dir='ltr'><em>δ’</em></span> <span class='ocrx_word' id='word_1_243' title='bbox 646 3502 849 3572; x_wconf 87' lang='grc' dir='ltr'><em>ἐπεπείθετο</em></span> <span class='ocrx_word' id='word_1_244' title='bbox 871 3508 981 3591; x_wconf 85' lang='grc' dir='ltr'><em>θυμός</em></span> <span class='ocrx_word' id='word_1_245' title='bbox 1003 3503 1140 3596; x_wconf 70' lang='grc' dir='ltr'><em>ἀνήνωρ.</em></span> 
     </span>
     <span class='ocr_line' id='line_1_34' title="bbox 137 3599 1140 3693; baseline 0.002 -20"><span class='ocrx_word' id='word_1_246' title='bbox 137 3633 177 3673; x_wconf 77' lang='grc' dir='ltr'><em>ατο</em></span> <span class='ocrx_word' id='word_1_247' title='bbox 190 3607 275 3693; x_wconf 87' lang='grc' dir='ltr'><em>μήνα</em></span> <span class='ocrx_word' id='word_1_248' title='bbox 298 3603 336 3671; x_wconf 83' lang='grc' dir='ltr'><em>δὲ</em></span> <span class='ocrx_word' id='word_1_249' title='bbox 357 3601 456 3669; x_wconf 81' lang='grc' dir='ltr'><em>πάντ’</em></span> <span class='ocrx_word' id='word_1_250' title='bbox 479 3599 638 3693; x_wconf 83' lang='grc' dir='ltr'><em>άλληκτος</em></span> <span class='ocrx_word' id='word_1_251' title='bbox 660 3601 702 3693; x_wconf 88' lang='grc' dir='ltr'><em>άη</em></span> <span class='ocrx_word' id='word_1_252' title='bbox 724 3605 846 3688; x_wconf 85' lang='grc' dir='ltr'><em>Νότος,</em></span> <span class='ocrx_word' id='word_1_253' title='bbox 871 3604 947 3675; x_wconf 84' lang='grc' dir='ltr'><em>ούδέ</em></span> <span class='ocrx_word' id='word_1_254' title='bbox 967 3633 1020 3687; x_wconf 94' lang='grc' dir='ltr'><em>τις</em></span> <span class='ocrx_word' id='word_1_255' title='bbox 1042 3605 1140 3689; x_wconf 79' lang='grc' dir='ltr'><em>ἀλλος</em></span> 
     </span>
     <span class='ocr_line' id='line_1_35' title="bbox 187 3700 1082 3795; baseline 0.003 -23"><span class='ocrx_word' id='word_1_256' title='bbox 187 3703 307 3773; x_wconf 58' lang='grc' dir='ltr'><em>τίν-νεώ</em></span> <span class='ocrx_word' id='word_1_257' title='bbox 329 3702 436 3773; x_wconf 63' lang='grc' dir='ltr'><em>ἔπειτ)</em></span> <span class='ocrx_word' id='word_1_258' title='bbox 459 3703 586 3789; x_wconf 86' lang='grc' dir='ltr'><em>ἀνέμων</em></span> <span class='ocrx_word' id='word_1_259' title='bbox 607 3704 637 3773; x_wconf 85' lang='grc' dir='ltr'><em>εἰ</em></span> <span class='ocrx_word' id='word_1_260' title='bbox 657 3707 702 3795; x_wconf 87' lang='grc' dir='ltr'><em>μή</em></span> <span class='ocrx_word' id='word_1_261' title='bbox 725 3700 830 3794; x_wconf 84' lang='grc' dir='ltr'><em>Εύρός</em></span> <span class='ocrx_word' id='word_1_262' title='bbox 850 3733 886 3775; x_wconf 91' lang='grc' dir='ltr'><em>τε</em></span> <span class='ocrx_word' id='word_1_263' title='bbox 907 3708 1017 3789; x_wconf 88' lang='grc' dir='ltr'><em>Νότος</em></span> <span class='ocrx_word' id='word_1_264' title='bbox 1037 3734 1082 3776; x_wconf 92' lang='grc' dir='ltr'><em>τε.</em></span> 
     </span>
     <span class='ocr_line' id='line_1_36' title="bbox 189 3803 1041 3899; baseline 0.005 -25"><span class='ocrx_word' id='word_1_265' title='bbox 189 3804 225 3874; x_wconf 81' lang='grc' dir='ltr'><em>οἳ</em></span> <span class='ocrx_word' id='word_1_266' title='bbox 244 3805 275 3874; x_wconf 72' lang='grc' dir='ltr'><em>δ’</em></span> <span class='ocrx_word' id='word_1_267' title='bbox 299 3811 373 3887; x_wconf 78' lang='grc' dir='ltr'><em>εἵως</em></span> <span class='ocrx_word' id='word_1_268' title='bbox 393 3807 453 3892; x_wconf 84' lang='grc' dir='ltr'><em>μὲν</em></span> <span class='ocrx_word' id='word_1_269' title='bbox 475 3811 564 3874; x_wconf 89' lang='grc' dir='ltr'><em>σῖτον</em></span> <span class='ocrx_word' id='word_1_270' title='bbox 586 3803 659 3891; x_wconf 79' lang='grc' dir='ltr'><em>έχον</em></span> <span class='ocrx_word' id='word_1_271' title='bbox 680 3808 738 3874; x_wconf 84' lang='grc' dir='ltr'><em>καὶ</em></span> <span class='ocrx_word' id='word_1_272' title='bbox 758 3815 866 3876; x_wconf 74' lang='grc' dir='ltr'><em>εοῖνον</em></span> <span class='ocrx_word' id='word_1_273' title='bbox 888 3808 1041 3899; x_wconf 86' lang='grc' dir='ltr'><em>ἐρυθρόν,</em></span> 
     </span>
     <span class='ocr_line' id='line_1_37' title="bbox 185 3905 976 3998; baseline 0.005 -24"><span class='ocrx_word' id='word_1_274' title='bbox 185 3908 295 3998; x_wconf 93' lang='grc' dir='ltr'><em>τόφρα</em></span> <span class='ocrx_word' id='word_1_275' title='bbox 315 3911 404 3996; x_wconf 84' lang='grc' dir='ltr'><em>βοῶν</em></span> <span class='ocrx_word' id='word_1_276' title='bbox 424 3905 586 3990; x_wconf 85' lang='grc' dir='ltr'><em>ἀπέχοντο</em></span> <span class='ocrx_word' id='word_1_277' title='bbox 607 3909 814 3993; x_wconf 90' lang='grc' dir='ltr'><em>λιλαιόμενοι</em></span> <span class='ocrx_word' id='word_1_278' title='bbox 835 3909 976 3996; x_wconf 84' lang='grc' dir='ltr'><em>βιότοιο.</em></span> 
     </span>
     <span class='ocr_line' id='line_1_38' title="bbox 188 4006 898 4101; baseline 0.004 -25"><span class='ocrx_word' id='word_1_279' title='bbox 188 4006 256 4077; x_wconf 64' lang='grc' dir='ltr'><em>ἀλλ)</em></span> <span class='ocrx_word' id='word_1_280' title='bbox 278 4009 331 4078; x_wconf 78' lang='grc' dir='ltr'><em>ὅτε</em></span> <span class='ocrx_word' id='word_1_281' title='bbox 353 4012 394 4099; x_wconf 93' lang='grc' dir='ltr'><em>δή</em></span> <span class='ocrx_word' id='word_1_282' title='bbox 416 4012 491 4100; x_wconf 87' lang='grc' dir='ltr'><em>νηός</em></span> <span class='ocrx_word' id='word_1_283' title='bbox 512 4010 673 4101; x_wconf 79' lang='grc' dir='ltr'><em>ἐξέφθιτο</em></span> <span class='ocrx_word' id='word_1_284' title='bbox 693 4007 754 4101; x_wconf 78' lang='grc' dir='ltr'><em>ἤια</em></span> <span class='ocrx_word' id='word_1_285' title='bbox 776 4011 898 4094; x_wconf 87' lang='grc' dir='ltr'><em>πάντα,</em></span> 
     </span>
     <span class='ocr_line' id='line_1_39' title="bbox 134 4109 1024 4206; baseline 0.003 -26"><span class='ocrx_word' id='word_1_286' title='bbox 134 4139 174 4180; x_wconf 78' lang='grc' dir='ltr'><em>εω</em></span> <span class='ocrx_word' id='word_1_287' title='bbox 187 4113 245 4180; x_wconf 83' lang='grc' dir='ltr'><em>καί</em></span> <span class='ocrx_word' id='word_1_288' title='bbox 268 4114 307 4202; x_wconf 87' lang='grc' dir='ltr'><em>δή</em></span> <span class='ocrx_word' id='word_1_289' title='bbox 330 4109 429 4203; x_wconf 77' lang='grc' dir='ltr'><em>άτρην</em></span> <span class='ocrx_word' id='word_1_290' title='bbox 450 4113 635 4206; x_wconf 85' lang='grc' dir='ltr'><em>ἐφέπεσκον</em></span> <span class='ocrx_word' id='word_1_291' title='bbox 656 4109 864 4203; x_wconf 83' lang='grc' dir='ltr'><em>ἀλητεύοντες</em></span> <span class='ocrx_word' id='word_1_292' title='bbox 886 4111 1024 4205; x_wconf 80' lang='grc' dir='ltr'><em>ἀνάτκη,</em></span> 
     </span>
     <span class='ocr_line' id='line_1_40' title="bbox 187 4210 985 4306; baseline 0.003 -23"><span class='ocrx_word' id='word_1_293' title='bbox 187 4212 286 4299; x_wconf 79' lang='grc' dir='ltr'><em>ἰχθῦς</em></span> <span class='ocrx_word' id='word_1_294' title='bbox 307 4210 447 4302; x_wconf 83' lang='grc' dir='ltr'><em>όρνιθάς</em></span> <span class='ocrx_word' id='word_1_295' title='bbox 467 4241 511 4298; x_wconf 90' lang='grc' dir='ltr'><em>τε,</em></span> <span class='ocrx_word' id='word_1_296' title='bbox 534 4214 635 4306; x_wconf 92' lang='grc' dir='ltr'><em>φίλας</em></span> <span class='ocrx_word' id='word_1_297' title='bbox 657 4213 710 4284; x_wconf 82' lang='grc' dir='ltr'><em>ὅτι</em></span> <span class='ocrx_word' id='word_1_298' title='bbox 732 4217 842 4302; x_wconf 83' lang='grc' dir='ltr'><em>χεῖρας</em></span> <span class='ocrx_word' id='word_1_299' title='bbox 863 4216 985 4299; x_wconf 77' lang='grc' dir='ltr'><em>ἵκοιτο,</em></span> 
     </span>
    </p>
   </div>
   <div class='ocr_carea' id='block_1_3' title="bbox 0 0 1434 5026">
    <p class='ocr_par' dir='ltr' id='par_1_3' title="bbox 0 0 1434 5026">
     <span class='ocr_line' id='line_1_41' title="bbox 0 0 1434 5026; baseline 0 0"><span class='ocrx_word' id='word_1_300' title='bbox 0 0 1434 5026; x_wconf 95' lang='lat' dir='ltr'><em> </em></span> 
     </span>
    </p>
   </div>
  </div>
 </body>
</html>
