<?xml version="1.0" encoding="UTF-8"?>
<!DOCTYPE html PUBLIC "-//W3C//DTD XHTML 1.0 Transitional//EN"
    "http://www.w3.org/TR/xhtml1/DTD/xhtml1-transitional.dtd">
<html xmlns="http://www.w3.org/1999/xhtml" xml:lang="en" lang="en">
 <head>
  <title>
</title>
<meta http-equiv="Content-Type" content="text/html;charset=utf-8" />
  <meta name='ocr-system' content='tesseract 3.04.00' />
  <meta name='ocr-capabilities' content='ocr_page ocr_carea ocr_par ocr_line ocrx_word'/>
</head>
<body>
  <div class='ocr_page' id='page_1' title='image "./carminahomerica01homegoog_0183.png"; bbox 0 0 2858 5026; ppageno 0'>
   <div class='ocr_carea' id='block_1_1' title="bbox 175 273 900 341">
    <p class='ocr_par' dir='ltr' id='par_1_1' title="bbox 175 273 900 341">
     <span class='ocr_line' id='line_1_1' title="bbox 175 273 900 341; baseline 0.01 -15"><span class='ocrx_word' id='word_1_1' title='bbox 175 276 238 341; x_wconf 77' lang='lat'><strong><em>176</em></strong></span> <span class='ocrx_word' id='word_1_2' title='bbox 536 279 576 326; x_wconf 81' lang='grc' dir='ltr'><strong><em>ιι.</em></strong></span> <span class='ocrx_word' id='word_1_3' title='bbox 613 273 900 333; x_wconf 66' lang='lat' dir='ltr'><strong><em>mmmm</em></strong></span> 
     </span>
    </p>
   </div>
   <div class='ocr_carea' id='block_1_2' title="bbox 80 423 1198 4493">
    <p class='ocr_par' dir='ltr' id='par_1_2' title="bbox 135 423 1136 922">
     <span class='ocr_line' id='line_1_2' title="bbox 135 423 1043 517; baseline -0.004 -19"><span class='ocrx_word' id='word_1_4' title='bbox 135 459 160 499; x_wconf 83' lang='lat'><strong><em>35</em></strong></span> <span class='ocrx_word' id='word_1_5' title='bbox 173 431 248 509; x_wconf 81' lang='grc' dir='ltr'><strong><em>τούς</em></strong></span> <span class='ocrx_word' id='word_1_6' title='bbox 268 429 328 514; x_wconf 85' lang='grc' dir='ltr'><strong><em>μέν</em></strong></span> <span class='ocrx_word' id='word_1_7' title='bbox 351 427 535 517; x_wconf 81' lang='grc' dir='ltr'><em>ὁμοκλήσας</em></span> <span class='ocrx_word' id='word_1_8' title='bbox 557 432 647 497; x_wconf 80' lang='grc' dir='ltr'><strong><em>σεῶεν</em></strong></span> <span class='ocrx_word' id='word_1_9' title='bbox 668 430 765 509; x_wconf 89' lang='grc' dir='ltr'><strong><em>κύνας</em></strong></span> <span class='ocrx_word' id='word_1_10' title='bbox 787 427 922 508; x_wconf 82' lang='grc' dir='ltr'><strong><em>ἀλλυδις</em></strong></span> <span class='ocrx_word' id='word_1_11' title='bbox 944 423 1043 495; x_wconf 83' lang='grc' dir='ltr'><strong><em>ἀλλον</em></strong></span> 
     </span>
     <span class='ocr_line' id='line_1_3' title="bbox 173 527 1064 623; baseline -0.001 -25"><span class='ocrx_word' id='word_1_12' title='bbox 173 534 333 623; x_wconf 76' lang='grc' dir='ltr'><strong><em>πυκνῇσιν</em></strong></span> <span class='ocrx_word' id='word_1_13' title='bbox 354 527 611 599; x_wconf 76' lang='grc' dir='ltr'><strong><em>λιθάδεσσινδ</em></strong></span> <span class='ocrx_word' id='word_1_14' title='bbox 634 533 672 599; x_wconf 81' lang='grc' dir='ltr'><strong><em>δέ</em></strong></span> <span class='ocrx_word' id='word_1_15' title='bbox 692 531 896 620; x_wconf 74' lang='grc' dir='ltr'><strong><em>προσέεειπε</em></strong></span> <span class='ocrx_word' id='word_1_16' title='bbox 916 529 1064 597; x_wconf 72' lang='grc' dir='ltr'><strong><em>εάνακτα</em></strong></span> 
     </span>
     <span class='ocr_line' id='line_1_4' title="bbox 168 625 956 724; baseline 0 -23"><span class='ocrx_word' id='word_1_17' title='bbox 168 627 223 701; x_wconf 41' lang='grc' dir='ltr'><strong><em>(λῶ</em></strong></span> <span class='ocrx_word' id='word_1_18' title='bbox 242 634 348 723; x_wconf 69' lang='grc' dir='ltr'><strong><em>τέρον,</em></strong></span> <span class='ocrx_word' id='word_1_19' title='bbox 370 625 391 722; x_wconf 77' lang='grc' dir='ltr'><em>ἦ</em></span> <span class='ocrx_word' id='word_1_20' title='bbox 415 629 526 701; x_wconf 75' lang='grc' dir='ltr'><strong><em>δλίτου</em></strong></span> <span class='ocrx_word' id='word_1_21' title='bbox 549 658 586 701; x_wconf 91' lang='grc' dir='ltr'><strong><em>σε</em></strong></span> <span class='ocrx_word' id='word_1_22' title='bbox 607 634 699 715; x_wconf 80' lang='grc' dir='ltr'><strong><em>κύνες</em></strong></span> <span class='ocrx_word' id='word_1_23' title='bbox 721 634 956 724; x_wconf 79' lang='grc' dir='ltr'><strong><em>διεδηλήσαντο</em></strong></span> 
     </span>
     <span class='ocr_line' id='line_1_5' title="bbox 165 733 964 827; baseline -0.004 -24"><span class='ocrx_word' id='word_1_24' title='bbox 165 735 342 827; x_wconf 74' lang='grc' dir='ltr'><strong><em>Ιἐξαπίνης,</em></strong></span> <span class='ocrx_word' id='word_1_25' title='bbox 365 733 423 800; x_wconf 94' lang='grc' dir='ltr'><strong><em>καί</em></strong></span> <span class='ocrx_word' id='word_1_26' title='bbox 444 735 498 803; x_wconf 87' lang='grc' dir='ltr'><strong><em>κέν</em></strong></span> <span class='ocrx_word' id='word_1_27' title='bbox 518 761 576 820; x_wconf 92' lang='grc' dir='ltr'><strong><em>μοι</em></strong></span> <span class='ocrx_word' id='word_1_28' title='bbox 599 734 762 825; x_wconf 75' lang='grc' dir='ltr'><strong><em>έλεσχείην</em></strong></span> <span class='ocrx_word' id='word_1_29' title='bbox 782 735 964 818; x_wconf 80' lang='grc' dir='ltr'><strong><em>κατέχευας.</em></strong></span> 
     </span>
     <span class='ocr_line' id='line_1_6' title="bbox 173 832 1136 922; baseline -0.001 -17"><span class='ocrx_word' id='word_1_30' title='bbox 173 839 230 906; x_wconf 86' lang='grc' dir='ltr'><strong><em>καί</em></strong></span> <span class='ocrx_word' id='word_1_31' title='bbox 255 838 291 905; x_wconf 88' lang='grc' dir='ltr'><strong><em>δέ</em></strong></span> <span class='ocrx_word' id='word_1_32' title='bbox 311 862 370 922; x_wconf 93' lang='grc' dir='ltr'><strong><em>μοι</em></strong></span> <span class='ocrx_word' id='word_1_33' title='bbox 394 832 476 903; x_wconf 81' lang='grc' dir='ltr'><strong><em>ἀλλα</em></strong></span> <span class='ocrx_word' id='word_1_34' title='bbox 498 838 578 904; x_wconf 85' lang='grc' dir='ltr'><strong><em>θεοί</em></strong></span> <span class='ocrx_word' id='word_1_35' title='bbox 601 836 703 916; x_wconf 78' lang='grc' dir='ltr'><strong><em>δόσαν</em></strong></span> <span class='ocrx_word' id='word_1_36' title='bbox 724 835 825 905; x_wconf 72' lang='grc' dir='ltr'><strong><em>άλτεά</em></strong></span> <span class='ocrx_word' id='word_1_37' title='bbox 846 862 882 903; x_wconf 88' lang='grc' dir='ltr'><strong><em>τε</em></strong></span> <span class='ocrx_word' id='word_1_38' title='bbox 904 835 1064 919; x_wconf 78' lang='grc' dir='ltr'><strong><em>στοναχάς</em></strong></span> <span class='ocrx_word' id='word_1_39' title='bbox 1084 861 1136 904; x_wconf 88' lang='grc' dir='ltr'><strong><em>τε·</em></strong></span> 
     </span>
    </p>

    <p class='ocr_par' dir='ltr' id='par_1_3' title="bbox 133 934 1129 1436">
     <span class='ocr_line' id='line_1_7' title="bbox 133 934 1015 1027; baseline -0.006 -18"><span class='ocrx_word' id='word_1_40' title='bbox 133 969 160 1009; x_wconf 78' lang='grc' dir='ltr'><strong><em>ιο</em></strong></span> <span class='ocrx_word' id='word_1_41' title='bbox 173 937 329 1007; x_wconf 83' lang='grc' dir='ltr'><strong><em>ἀντιθέου</em></strong></span> <span class='ocrx_word' id='word_1_42' title='bbox 350 940 412 1025; x_wconf 76' lang='grc' dir='ltr'><strong><em>τάρ</em></strong></span> <span class='ocrx_word' id='word_1_43' title='bbox 436 934 574 1019; x_wconf 79' lang='grc' dir='ltr'><strong><em>ἀνακτος</em></strong></span> <span class='ocrx_word' id='word_1_44' title='bbox 596 935 790 1027; x_wconf 83' lang='grc' dir='ltr'><strong><em>ὀδυρόμενος</em></strong></span> <span class='ocrx_word' id='word_1_45' title='bbox 811 939 868 1006; x_wconf 84' lang='grc' dir='ltr'><strong><em>καὶ</em></strong></span> <span class='ocrx_word' id='word_1_46' title='bbox 890 935 1015 1021; x_wconf 88' lang='grc' dir='ltr'><strong><em>ἀχεύων</em></strong></span> 
     </span>
     <span class='ocr_line' id='line_1_8' title="bbox 173 1034 949 1132; baseline -0.001 -25"><span class='ocrx_word' id='word_1_47' title='bbox 173 1034 270 1132; x_wconf 81' lang='grc' dir='ltr'><strong><em>ἧμαι,</em></strong></span> <span class='ocrx_word' id='word_1_48' title='bbox 295 1037 445 1108; x_wconf 82' lang='grc' dir='ltr'><strong><em>ἀλλοισιν</em></strong></span> <span class='ocrx_word' id='word_1_49' title='bbox 467 1040 504 1108; x_wconf 80' lang='grc' dir='ltr'><strong><em>δὲ</em></strong></span> <span class='ocrx_word' id='word_1_50' title='bbox 526 1040 606 1121; x_wconf 84' lang='grc' dir='ltr'><strong><em>σύας</em></strong></span> <span class='ocrx_word' id='word_1_51' title='bbox 628 1041 765 1122; x_wconf 83' lang='grc' dir='ltr'><strong><em>σιάλους</em></strong></span> <span class='ocrx_word' id='word_1_52' title='bbox 786 1037 949 1108; x_wconf 76' lang='grc' dir='ltr'><strong><em>ἀτιτάλλω</em></strong></span> 
     </span>
     <span class='ocr_line' id='line_1_9' title="bbox 174 1140 1042 1230; baseline -0.005 -18"><span class='ocrx_word' id='word_1_53' title='bbox 174 1141 322 1228; x_wconf 75' lang='grc' dir='ltr'><strong><em>ἔδμεναι·</em></strong></span> <span class='ocrx_word' id='word_1_54' title='bbox 346 1140 446 1230; x_wconf 78' lang='grc' dir='ltr'><strong><em>αὐτὰρ</em></strong></span> <span class='ocrx_word' id='word_1_55' title='bbox 469 1149 573 1223; x_wconf 84' lang='grc' dir='ltr'><strong><em>κεῖνος</em></strong></span> <span class='ocrx_word' id='word_1_56' title='bbox 597 1142 805 1228; x_wconf 69' lang='grc' dir='ltr'><strong><em>έεελδόμενός</em></strong></span> <span class='ocrx_word' id='word_1_57' title='bbox 825 1167 893 1208; x_wconf 91' lang='grc' dir='ltr'><strong><em>που</em></strong></span> <span class='ocrx_word' id='word_1_58' title='bbox 916 1140 1042 1230; x_wconf 77' lang='grc' dir='ltr'><strong><em>ἐδωδῆς</em></strong></span> 
     </span>
     <span class='ocr_line' id='line_1_10' title="bbox 175 1241 1129 1334; baseline -0.003 -23"><span class='ocrx_word' id='word_1_59' title='bbox 175 1242 311 1325; x_wconf 80' lang='grc' dir='ltr'><strong><em>πλάζετ’</em></strong></span> <span class='ocrx_word' id='word_1_60' title='bbox 334 1242 388 1312; x_wconf 77' lang='grc' dir='ltr'><strong><em>ἐπ’</em></strong></span> <span class='ocrx_word' id='word_1_61' title='bbox 413 1241 607 1333; x_wconf 72' lang='grc' dir='ltr'><strong><em>ἀλλοθρόων</em></strong></span> <span class='ocrx_word' id='word_1_62' title='bbox 629 1242 754 1332; x_wconf 89' lang='grc' dir='ltr'><strong><em>ἀνδρῶν</em></strong></span> <span class='ocrx_word' id='word_1_63' title='bbox 777 1244 880 1334; x_wconf 78' lang='grc' dir='ltr'><strong><em>δῆμόν</em></strong></span> <span class='ocrx_word' id='word_1_64' title='bbox 900 1269 937 1310; x_wconf 87' lang='grc' dir='ltr'><strong><em>τε</em></strong></span> <span class='ocrx_word' id='word_1_65' title='bbox 960 1242 1060 1310; x_wconf 88' lang='grc' dir='ltr'><strong><em>πόλιν</em></strong></span> <span class='ocrx_word' id='word_1_66' title='bbox 1079 1267 1129 1326; x_wconf 87' lang='grc' dir='ltr'><strong><em>τε,</em></strong></span> 
     </span>
     <span class='ocr_line' id='line_1_11' title="bbox 175 1342 900 1436; baseline -0.004 -22"><span class='ocrx_word' id='word_1_67' title='bbox 175 1344 211 1414; x_wconf 81' lang='grc' dir='ltr'><strong><em>εί</em></strong></span> <span class='ocrx_word' id='word_1_68' title='bbox 229 1371 296 1413; x_wconf 90' lang='grc' dir='ltr'><strong><em>που</em></strong></span> <span class='ocrx_word' id='word_1_69' title='bbox 319 1343 369 1412; x_wconf 75' lang='grc' dir='ltr'><strong><em>ἔτι</em></strong></span> <span class='ocrx_word' id='word_1_70' title='bbox 393 1344 469 1426; x_wconf 84' lang='grc' dir='ltr'><strong><em>ζῶει</em></strong></span> <span class='ocrx_word' id='word_1_71' title='bbox 492 1346 549 1411; x_wconf 85' lang='grc' dir='ltr'><strong><em>καί</em></strong></span> <span class='ocrx_word' id='word_1_72' title='bbox 572 1342 634 1436; x_wconf 79' lang='grc' dir='ltr'><strong><em>δρᾷ</em></strong></span> <span class='ocrx_word' id='word_1_73' title='bbox 656 1346 743 1436; x_wconf 85' lang='grc' dir='ltr'><strong><em>φάος</em></strong></span> <span class='ocrx_word' id='word_1_74' title='bbox 764 1342 900 1435; x_wconf 80' lang='grc' dir='ltr'><strong><em>ἠελίοιο.</em></strong></span> 
     </span>
    </p>

    <p class='ocr_par' dir='ltr' id='par_1_4' title="bbox 133 1442 1133 1538">
     <span class='ocr_line' id='line_1_12' title="bbox 133 1442 1133 1538; baseline -0.001 -25"><span class='ocrx_word' id='word_1_75' title='bbox 133 1477 160 1520; x_wconf 80' lang='lat'><strong><em>45</em></strong></span> <span class='ocrx_word' id='word_1_76' title='bbox 174 1444 242 1514; x_wconf 61' lang='lat' dir='ltr'><strong><em>&amp;w</em></strong></span> <span class='ocrx_word' id='word_1_77' title='bbox 265 1446 361 1527; x_wconf 84' lang='grc' dir='ltr'><strong><em>έπεσ,</em></strong></span> <span class='ocrx_word' id='word_1_78' title='bbox 384 1443 547 1536; x_wconf 62' lang='grc' dir='ltr'><strong><em>κλισίηνδ)</em></strong></span> <span class='ocrx_word' id='word_1_79' title='bbox 571 1444 678 1532; x_wconf 76' lang='grc' dir='ltr'><strong><em>ἴσμεν,</em></strong></span> <span class='ocrx_word' id='word_1_80' title='bbox 699 1448 806 1536; x_wconf 72' lang='grc' dir='ltr'><strong><em>τέρον,</em></strong></span> <span class='ocrx_word' id='word_1_81' title='bbox 830 1445 919 1538; x_wconf 81' lang='grc' dir='ltr'><strong><em>δφρα</em></strong></span> <span class='ocrx_word' id='word_1_82' title='bbox 941 1446 999 1514; x_wconf 84' lang='grc' dir='ltr'><strong><em>καὶ</em></strong></span> <span class='ocrx_word' id='word_1_83' title='bbox 1021 1442 1133 1527; x_wconf 83' lang='grc' dir='ltr'><strong><em>αάτός,</em></strong></span> 
     </span>
    </p>

    <p class='ocr_par' dir='ltr' id='par_1_5' title="bbox 80 1547 1102 1741">
     <span class='ocr_line' id='line_1_13' title="bbox 80 1547 1005 1638; baseline -0.002 -21"><span class='ocrx_word' id='word_1_84' title='bbox 80 1581 84 1590; x_wconf 92' lang='grc'><strong><em>·</em></strong></span> <span class='ocrx_word' id='word_1_85' title='bbox 174 1547 267 1617; x_wconf 89' lang='grc' dir='ltr'><strong><em>σίτου</em></strong></span> <span class='ocrx_word' id='word_1_86' title='bbox 289 1548 347 1614; x_wconf 87' lang='grc' dir='ltr'><strong><em>καί</em></strong></span> <span class='ocrx_word' id='word_1_87' title='bbox 368 1547 496 1616; x_wconf 71' lang='grc' dir='ltr'><strong><em>τοίνοιο</em></strong></span> <span class='ocrx_word' id='word_1_88' title='bbox 518 1549 755 1638; x_wconf 87' lang='grc' dir='ltr'><strong><em>κορεσσάμενος</em></strong></span> <span class='ocrx_word' id='word_1_89' title='bbox 775 1552 861 1617; x_wconf 87' lang='grc' dir='ltr'><strong><em>κατά</em></strong></span> <span class='ocrx_word' id='word_1_90' title='bbox 883 1549 1005 1634; x_wconf 89' lang='grc' dir='ltr'><strong><em>θυμόν,</em></strong></span> 
     </span>
     <span class='ocr_line' id='line_1_14' title="bbox 172 1645 1102 1741; baseline 0 -25"><span class='ocrx_word' id='word_1_91' title='bbox 172 1648 293 1740; x_wconf 74' lang='grc' dir='ltr'><strong><em>τείπης</em></strong></span> <span class='ocrx_word' id='word_1_92' title='bbox 315 1646 473 1717; x_wconf 79' lang='grc' dir='ltr'><strong><em>ὁππόθεν</em></strong></span> <span class='ocrx_word' id='word_1_93' title='bbox 494 1649 567 1716; x_wconf 77' lang='grc' dir='ltr'><strong><em>ἐσσὶ</em></strong></span> <span class='ocrx_word' id='word_1_94' title='bbox 588 1651 646 1717; x_wconf 84' lang='grc' dir='ltr'><strong><em>καὶ</em></strong></span> <span class='ocrx_word' id='word_1_95' title='bbox 669 1650 807 1719; x_wconf 86' lang='grc' dir='ltr'><strong><em>ὁππόσα</em></strong></span> <span class='ocrx_word' id='word_1_96' title='bbox 829 1647 919 1741; x_wconf 80' lang='grc' dir='ltr'><strong><em>κη’δε&gt;</em></strong></span> <span class='ocrx_word' id='word_1_97' title='bbox 942 1645 1102 1740; x_wconf 75' lang='grc' dir='ltr'><strong><em>ἀνέτλης.”</em></strong></span> 
     </span>
    </p>

    <p class='ocr_par' dir='ltr' id='par_1_6' title="bbox 175 1745 1056 1942">
     <span class='ocr_line' id='line_1_15' title="bbox 216 1745 1029 1844; baseline -0.001 -24"><span class='ocrx_word' id='word_1_98' title='bbox 216 1745 262 1833; x_wconf 86' lang='grc' dir='ltr'><strong><em>ῶς</em></strong></span> <span class='ocrx_word' id='word_1_99' title='bbox 282 1753 409 1820; x_wconf 73' lang='grc' dir='ltr'><strong><em>εειπιδν</em></strong></span> <span class='ocrx_word' id='word_1_100' title='bbox 430 1749 591 1842; x_wconf 78' lang='grc' dir='ltr'><strong><em>κλισίηνδ’</em></strong></span> <span class='ocrx_word' id='word_1_101' title='bbox 614 1750 757 1843; x_wconf 72' lang='grc' dir='ltr'><strong><em>ἡεησατο</em></strong></span> <span class='ocrx_word' id='word_1_102' title='bbox 780 1756 852 1834; x_wconf 89' lang='grc' dir='ltr'><strong><em>δῖος</em></strong></span> <span class='ocrx_word' id='word_1_103' title='bbox 871 1751 1029 1844; x_wconf 76' lang='grc' dir='ltr'><strong><em>ὑφορβός,</em></strong></span> 
     </span>
     <span class='ocr_line' id='line_1_16' title="bbox 175 1849 1056 1942; baseline -0.003 -19"><span class='ocrx_word' id='word_1_104' title='bbox 175 1849 261 1924; x_wconf 81' lang='grc' dir='ltr'><strong><em>εἷσεν</em></strong></span> <span class='ocrx_word' id='word_1_105' title='bbox 283 1854 313 1923; x_wconf 79' lang='grc' dir='ltr'><strong><em>δ’</em></strong></span> <span class='ocrx_word' id='word_1_106' title='bbox 337 1853 531 1936; x_wconf 74' lang='grc' dir='ltr'><strong><em>ελσατατιόν,</em></strong></span> <span class='ocrx_word' id='word_1_107' title='bbox 555 1858 670 1942; x_wconf 83' lang='grc' dir='ltr'><strong><em>ῥῶπας</em></strong></span> <span class='ocrx_word' id='word_1_108' title='bbox 693 1854 724 1922; x_wconf 61' lang='grc' dir='ltr'><strong><em>δ)</em></strong></span> <span class='ocrx_word' id='word_1_109' title='bbox 745 1853 883 1939; x_wconf 76' lang='grc' dir='ltr'><strong><em>ὑπέχευε</em></strong></span> <span class='ocrx_word' id='word_1_110' title='bbox 905 1852 1056 1937; x_wconf 85' lang='grc' dir='ltr'><strong><em>δασείας,</em></strong></span> 
     </span>
    </p>

    <p class='ocr_par' dir='ltr' id='par_1_7' title="bbox 135 1953 1193 2251">
     <span class='ocr_line' id='line_1_17' title="bbox 135 1953 1071 2046; baseline -0.007 -17"><span class='ocrx_word' id='word_1_111' title='bbox 135 1991 161 2031; x_wconf 84' lang='lat'><strong><em>50</em></strong></span> <span class='ocrx_word' id='word_1_112' title='bbox 175 1958 343 2046; x_wconf 75' lang='grc' dir='ltr'><strong><em>ἐστόρεσεν</em></strong></span> <span class='ocrx_word' id='word_1_113' title='bbox 364 1955 393 2024; x_wconf 80' lang='grc' dir='ltr'><strong><em>δ’</em></strong></span> <span class='ocrx_word' id='word_1_114' title='bbox 417 1957 476 2024; x_wconf 80' lang='grc' dir='ltr'><strong><em>ἐπὶ</em></strong></span> <span class='ocrx_word' id='word_1_115' title='bbox 499 1956 601 2046; x_wconf 88' lang='grc' dir='ltr'><strong><em>δέρμα</em></strong></span> <span class='ocrx_word' id='word_1_116' title='bbox 621 1958 802 2037; x_wconf 73' lang='grc' dir='ltr'><strong><em>τιονθάδος</em></strong></span> <span class='ocrx_word' id='word_1_117' title='bbox 823 1954 940 2044; x_wconf 79' lang='grc' dir='ltr'><strong><em>ἀτρίου</em></strong></span> <span class='ocrx_word' id='word_1_118' title='bbox 963 1953 1071 2038; x_wconf 78' lang='grc' dir='ltr'><strong><em>αἶτός,</em></strong></span> 
     </span>
     <span class='ocr_line' id='line_1_18' title="bbox 176 2055 1157 2146; baseline -0.002 -20"><span class='ocrx_word' id='word_1_119' title='bbox 176 2057 274 2126; x_wconf 77' lang='grc' dir='ltr'><strong><em>αὐτοῦ</em></strong></span> <span class='ocrx_word' id='word_1_120' title='bbox 297 2059 472 2138; x_wconf 79' lang='grc' dir='ltr'><strong><em>ἐνεύναιον,</em></strong></span> <span class='ocrx_word' id='word_1_121' title='bbox 495 2058 578 2143; x_wconf 69' lang='grc' dir='ltr'><strong><em>μέτα</em></strong></span> <span class='ocrx_word' id='word_1_122' title='bbox 600 2060 657 2127; x_wconf 84' lang='grc' dir='ltr'><strong><em>καί</em></strong></span> <span class='ocrx_word' id='word_1_123' title='bbox 681 2059 774 2127; x_wconf 92' lang='grc' dir='ltr'><strong><em>δασύ.</em></strong></span> <span class='ocrx_word' id='word_1_124' title='bbox 817 2064 910 2146; x_wconf 89' lang='grc' dir='ltr'><strong><em>χαῖρε</em></strong></span> <span class='ocrx_word' id='word_1_125' title='bbox 932 2056 962 2125; x_wconf 81' lang='grc' dir='ltr'><strong><em>δ’</em></strong></span> <span class='ocrx_word' id='word_1_126' title='bbox 983 2055 1157 2137; x_wconf 83' lang='grc' dir='ltr'><strong><em>Ὀδυσσεύς</em></strong></span> 
     </span>
     <span class='ocr_line' id='line_1_19' title="bbox 176 2151 1193 2251; baseline 0.002 -24"><span class='ocrx_word' id='word_1_127' title='bbox 176 2159 249 2228; x_wconf 85' lang='grc' dir='ltr'><strong><em>ὅττι</em></strong></span> <span class='ocrx_word' id='word_1_128' title='bbox 271 2186 329 2245; x_wconf 92' lang='grc' dir='ltr'><strong><em>μιν</em></strong></span> <span class='ocrx_word' id='word_1_129' title='bbox 351 2151 396 2238; x_wconf 84' lang='grc' dir='ltr'><strong><em>ῶς</em></strong></span> <span class='ocrx_word' id='word_1_130' title='bbox 418 2157 578 2226; x_wconf 77' lang='grc' dir='ltr'><strong><em>ὑπέδεκτο</em></strong></span> <span class='ocrx_word' id='word_1_131' title='bbox 584 2210 593 2241; x_wconf 91' lang='grc'><strong><em>,</em></strong></span> <span class='ocrx_word' id='word_1_132' title='bbox 616 2161 720 2240; x_wconf 77' lang='grc' dir='ltr'><strong><em>τύπος</em></strong></span> <span class='ocrx_word' id='word_1_133' title='bbox 740 2159 770 2227; x_wconf 79' lang='grc' dir='ltr'><strong><em>τ’</em></strong></span> <span class='ocrx_word' id='word_1_134' title='bbox 794 2159 892 2251; x_wconf 74' lang='grc' dir='ltr'><strong><em>ἔφατ’</em></strong></span> <span class='ocrx_word' id='word_1_135' title='bbox 914 2159 951 2228; x_wconf 82' lang='grc' dir='ltr'><strong><em>έκ</em></strong></span> <span class='ocrx_word' id='word_1_136' title='bbox 972 2157 1002 2226; x_wconf 82' lang='grc' dir='ltr'><strong><em>τ’</em></strong></span> <span class='ocrx_word' id='word_1_137' title='bbox 1026 2157 1150 2244; x_wconf 86' lang='grc' dir='ltr'><strong><em>δνόμαζ</em></strong></span> <span class='ocrx_word' id='word_1_138' title='bbox 1184 2212 1193 2229; x_wconf 93' lang='grc'><strong><em>.</em></strong></span> 
     </span>
    </p>

    <p class='ocr_par' dir='ltr' id='par_1_8' title="bbox 111 2257 1079 2454">
     <span class='ocr_line' id='line_1_20' title="bbox 111 2257 1045 2348; baseline 0.002 -22"><span class='ocrx_word' id='word_1_139' title='bbox 111 2257 1045 2348; x_wconf 44' lang='grc' dir='ltr'><strong><em>“ΜΜΜΜΜΜΜΜΜι</em></strong></span> 
     </span>
     <span class='ocr_line' id='line_1_21' title="bbox 176 2359 1079 2454; baseline 0.001 -24"><span class='ocrx_word' id='word_1_140' title='bbox 176 2361 249 2431; x_wconf 83' lang='grc' dir='ltr'><strong><em>ὅττι</em></strong></span> <span class='ocrx_word' id='word_1_141' title='bbox 270 2359 404 2447; x_wconf 77' lang='grc' dir='ltr'><strong><em>μάλιστ’</em></strong></span> <span class='ocrx_word' id='word_1_142' title='bbox 425 2361 570 2443; x_wconf 79' lang='grc' dir='ltr'><strong><em>ἐθέλεις,</em></strong></span> <span class='ocrx_word' id='word_1_143' title='bbox 594 2361 646 2429; x_wconf 73' lang='grc' dir='ltr'><strong><em>ὅτι</em></strong></span> <span class='ocrx_word' id='word_1_144' title='bbox 667 2388 708 2447; x_wconf 89' lang='grc' dir='ltr'><strong><em>με</em></strong></span> <span class='ocrx_word' id='word_1_145' title='bbox 730 2364 888 2454; x_wconf 76' lang='grc' dir='ltr'><strong><em>πρόφρων</em></strong></span> <span class='ocrx_word' id='word_1_146' title='bbox 909 2359 1079 2445; x_wconf 73' lang='grc' dir='ltr'><strong><em>ύπέδεξο.”</em></strong></span> 
     </span>
    </p>

    <p class='ocr_par' dir='ltr' id='par_1_9' title="bbox 135 2460 1198 2962">
     <span class='ocr_line' id='line_1_22' title="bbox 135 2460 1148 2555; baseline 0 -26"><span class='ocrx_word' id='word_1_147' title='bbox 135 2496 161 2537; x_wconf 70' lang='lat'><strong><em>55</em></strong></span> <span class='ocrx_word' id='word_1_148' title='bbox 217 2464 274 2531; x_wconf 91' lang='grc' dir='ltr'><strong><em>τδν</em></strong></span> <span class='ocrx_word' id='word_1_149' title='bbox 296 2461 331 2529; x_wconf 78' lang='grc' dir='ltr'><strong><em>δ’</em></strong></span> <span class='ocrx_word' id='word_1_150' title='bbox 354 2460 622 2549; x_wconf 85' lang='grc' dir='ltr'><strong><em>ἀπαμειβόμενος</em></strong></span> <span class='ocrx_word' id='word_1_151' title='bbox 643 2464 826 2555; x_wconf 79' lang='grc' dir='ltr'><strong><em>προσέφης,</em></strong></span> <span class='ocrx_word' id='word_1_152' title='bbox 847 2463 980 2550; x_wconf 81' lang='grc' dir='ltr'><strong><em>Ἐύμαιε</em></strong></span> <span class='ocrx_word' id='word_1_153' title='bbox 1002 2466 1148 2552; x_wconf 78' lang='grc' dir='ltr'><strong><em>συβῶτα,</em></strong></span> 
     </span>
     <span class='ocr_line' id='line_1_23' title="bbox 170 2562 1198 2651; baseline -0.001 -18"><span class='ocrx_word' id='word_1_154' title='bbox 170 2564 280 2647; x_wconf 56' lang='lat' dir='ltr'><strong><em>“gem</em></strong></span> <span class='ocrx_word' id='word_1_155' title='bbox 305 2562 343 2633; x_wconf 76' lang='grc' dir='ltr'><strong><em>ού</em></strong></span> <span class='ocrx_word' id='word_1_156' title='bbox 363 2591 423 2651; x_wconf 96' lang='grc' dir='ltr'><strong><em>μοι</em></strong></span> <span class='ocrx_word' id='word_1_157' title='bbox 444 2565 549 2650; x_wconf 90' lang='grc' dir='ltr'><strong><em>θέμις</em></strong></span> <span class='ocrx_word' id='word_1_158' title='bbox 570 2563 648 2648; x_wconf 71' lang='grc' dir='ltr'><strong><em>ἔστ’,</em></strong></span> <span class='ocrx_word' id='word_1_159' title='bbox 673 2565 743 2635; x_wconf 78' lang='grc' dir='ltr'><strong><em>οὐδ’</em></strong></span> <span class='ocrx_word' id='word_1_160' title='bbox 766 2566 797 2636; x_wconf 79' lang='grc' dir='ltr'><strong><em>εἰ</em></strong></span> <span class='ocrx_word' id='word_1_161' title='bbox 817 2566 941 2634; x_wconf 87' lang='grc' dir='ltr'><strong><em>κακίων</em></strong></span> <span class='ocrx_word' id='word_1_162' title='bbox 962 2565 1061 2635; x_wconf 85' lang='grc' dir='ltr'><strong><em>σέθεν</em></strong></span> <span class='ocrx_word' id='word_1_163' title='bbox 1083 2562 1198 2648; x_wconf 72' lang='grc' dir='ltr'><strong><em>ἔλθοι,</em></strong></span> 
     </span>
     <span class='ocr_line' id='line_1_24' title="bbox 175 2665 1050 2757; baseline 0.001 -23"><span class='ocrx_word' id='word_1_164' title='bbox 175 2669 278 2749; x_wconf 86' lang='grc' dir='ltr'><strong><em>ξεῖνον</em></strong></span> <span class='ocrx_word' id='word_1_165' title='bbox 300 2665 476 2757; x_wconf 83' lang='grc' dir='ltr'><strong><em>ἀτιμῆσαι·</em></strong></span> <span class='ocrx_word' id='word_1_166' title='bbox 500 2668 586 2755; x_wconf 90' lang='grc' dir='ltr'><strong><em>πρδς</em></strong></span> <span class='ocrx_word' id='word_1_167' title='bbox 605 2670 668 2756; x_wconf 73' lang='grc' dir='ltr'><strong><em>κάρ</em></strong></span> <span class='ocrx_word' id='word_1_168' title='bbox 691 2669 778 2749; x_wconf 84' lang='grc' dir='ltr'><strong><em>Διός</em></strong></span> <span class='ocrx_word' id='word_1_169' title='bbox 799 2667 883 2737; x_wconf 83' lang='grc' dir='ltr'><strong><em>εἶσιν</em></strong></span> <span class='ocrx_word' id='word_1_170' title='bbox 904 2668 1050 2748; x_wconf 79' lang='grc' dir='ltr'><strong><em>ἅπαντες</em></strong></span> 
     </span>
     <span class='ocr_line' id='line_1_25' title="bbox 176 2768 1075 2863; baseline -0.002 -25"><span class='ocrx_word' id='word_1_171' title='bbox 176 2768 276 2852; x_wconf 86' lang='grc' dir='ltr'><strong><em>ξεῖνοί</em></strong></span> <span class='ocrx_word' id='word_1_172' title='bbox 296 2797 332 2838; x_wconf 91' lang='grc' dir='ltr'><strong><em>τε</em></strong></span> <span class='ocrx_word' id='word_1_173' title='bbox 355 2768 483 2853; x_wconf 90' lang='grc' dir='ltr'><strong><em>πτωχοί</em></strong></span> <span class='ocrx_word' id='word_1_174' title='bbox 502 2796 546 2837; x_wconf 90' lang='grc' dir='ltr'><strong><em>τε.</em></strong></span> <span class='ocrx_word' id='word_1_175' title='bbox 592 2771 686 2853; x_wconf 88' lang='grc' dir='ltr'><strong><em>δόσις</em></strong></span> <span class='ocrx_word' id='word_1_176' title='bbox 708 2770 739 2839; x_wconf 78' lang='grc' dir='ltr'><strong><em>δ’</em></strong></span> <span class='ocrx_word' id='word_1_177' title='bbox 764 2769 855 2862; x_wconf 75' lang='grc' dir='ltr'><strong><em>ὀλῶ-η</em></strong></span> <span class='ocrx_word' id='word_1_178' title='bbox 878 2799 914 2839; x_wconf 92' lang='grc' dir='ltr'><strong><em>τε</em></strong></span> <span class='ocrx_word' id='word_1_179' title='bbox 936 2769 1015 2863; x_wconf 90' lang='grc' dir='ltr'><strong><em>φίλη</em></strong></span> <span class='ocrx_word' id='word_1_180' title='bbox 1037 2795 1075 2836; x_wconf 84' lang='grc' dir='ltr'><strong><em>τε</em></strong></span> 
     </span>
     <span class='ocr_line' id='line_1_26' title="bbox 174 2866 992 2962; baseline -0.002 -22"><span class='ocrx_word' id='word_1_181' title='bbox 174 2872 322 2940; x_wconf 78' lang='grc' dir='ltr'><strong><em>τίτνεται</em></strong></span> <span class='ocrx_word' id='word_1_182' title='bbox 345 2869 499 2962; x_wconf 80' lang='grc' dir='ltr'><strong><em>ἡμετέρη·</em></strong></span> <span class='ocrx_word' id='word_1_183' title='bbox 521 2866 543 2961; x_wconf 76' lang='grc' dir='ltr'><strong><em>ἢ</em></strong></span> <span class='ocrx_word' id='word_1_184' title='bbox 563 2873 626 2961; x_wconf 76' lang='grc' dir='ltr'><strong><em>τὰρ</em></strong></span> <span class='ocrx_word' id='word_1_185' title='bbox 649 2873 769 2958; x_wconf 85' lang='grc' dir='ltr'><strong><em>δμῶων</em></strong></span> <span class='ocrx_word' id='word_1_186' title='bbox 791 2871 866 2962; x_wconf 92' lang='grc' dir='ltr'><strong><em>δίκη</em></strong></span> <span class='ocrx_word' id='word_1_187' title='bbox 890 2870 992 2952; x_wconf 76' lang='grc' dir='ltr'><strong><em>ἐστίν,</em></strong></span> 
     </span>
    </p>

    <p class='ocr_par' dir='ltr' id='par_1_10' title="bbox 136 2970 1092 3470">
     <span class='ocr_line' id='line_1_27' title="bbox 136 2970 936 3062; baseline -0.003 -19"><span class='ocrx_word' id='word_1_188' title='bbox 136 3006 162 3046; x_wconf 81' lang='grc' dir='ltr'><strong><em>σο</em></strong></span> <span class='ocrx_word' id='word_1_189' title='bbox 177 2972 243 3040; x_wconf 86' lang='grc' dir='ltr'><strong><em>αίεί</em></strong></span> <span class='ocrx_word' id='word_1_190' title='bbox 267 2974 439 3040; x_wconf 88' lang='grc' dir='ltr'><strong><em>δειδιότων</em></strong></span> <span class='ocrx_word' id='word_1_191' title='bbox 462 2970 511 3040; x_wconf 81' lang='grc' dir='ltr'><strong><em>ὅτ’</em></strong></span> <span class='ocrx_word' id='word_1_192' title='bbox 535 2973 757 3062; x_wconf 81' lang='grc' dir='ltr'><strong><em>ἒπικρατέωσι</em></strong></span> <span class='ocrx_word' id='word_1_193' title='bbox 778 2975 936 3054; x_wconf 70' lang='grc' dir='ltr'><strong><em>τάνακτες</em></strong></span> 
     </span>
     <span class='ocr_line' id='line_1_28' title="bbox 176 3070 1092 3166; baseline 0.001 -24"><span class='ocrx_word' id='word_1_194' title='bbox 176 3071 209 3142; x_wconf 83' lang='grc' dir='ltr'><strong><em>οὶ</em></strong></span> <span class='ocrx_word' id='word_1_195' title='bbox 230 3074 309 3142; x_wconf 89' lang='grc' dir='ltr'><strong><em>νέοι.</em></strong></span> <span class='ocrx_word' id='word_1_196' title='bbox 352 3070 373 3164; x_wconf 78' lang='grc' dir='ltr'><em>ἦ</em></span> <span class='ocrx_word' id='word_1_197' title='bbox 394 3075 455 3163; x_wconf 79' lang='grc' dir='ltr'><strong><em>τάρ</em></strong></span> <span class='ocrx_word' id='word_1_198' title='bbox 476 3077 535 3142; x_wconf 78' lang='grc' dir='ltr'><strong><em>τοῦ</em></strong></span> <span class='ocrx_word' id='word_1_199' title='bbox 555 3102 593 3143; x_wconf 69' lang='grc' dir='ltr'><strong><em>τε</em></strong></span> <span class='ocrx_word' id='word_1_200' title='bbox 615 3078 694 3145; x_wconf 85' lang='grc' dir='ltr'><strong><em>θεοί</em></strong></span> <span class='ocrx_word' id='word_1_201' title='bbox 715 3078 799 3144; x_wconf 87' lang='grc' dir='ltr'><strong><em>κατά</em></strong></span> <span class='ocrx_word' id='word_1_202' title='bbox 821 3077 933 3146; x_wconf 90' lang='grc' dir='ltr'><strong><em>νόστον</em></strong></span> <span class='ocrx_word' id='word_1_203' title='bbox 958 3073 1092 3166; x_wconf 80' lang='grc' dir='ltr'><strong><em>έδησαν,</em></strong></span> 
     </span>
     <span class='ocr_line' id='line_1_29' title="bbox 176 3173 1070 3266; baseline 0.003 -24"><span class='ocrx_word' id='word_1_204' title='bbox 176 3173 212 3254; x_wconf 83' lang='grc' dir='ltr'><strong><em>ὅς</em></strong></span> <span class='ocrx_word' id='word_1_205' title='bbox 233 3201 286 3243; x_wconf 89' lang='grc' dir='ltr'><strong><em>κεν</em></strong></span> <span class='ocrx_word' id='word_1_206' title='bbox 309 3173 361 3262; x_wconf 72' lang='grc' dir='ltr'><strong><em>ἀμ’</em></strong></span> <span class='ocrx_word' id='word_1_207' title='bbox 384 3176 542 3256; x_wconf 79' lang='grc' dir='ltr'><strong><em>ἐνδυκέως</em></strong></span> <span class='ocrx_word' id='word_1_208' title='bbox 563 3177 672 3266; x_wconf 79' lang='grc' dir='ltr'><strong><em>ἐφίλει</em></strong></span> <span class='ocrx_word' id='word_1_209' title='bbox 694 3179 751 3245; x_wconf 84' lang='grc' dir='ltr'><strong><em>καὶ</em></strong></span> <span class='ocrx_word' id='word_1_210' title='bbox 773 3181 889 3266; x_wconf 82' lang='grc' dir='ltr'><strong><em>κτῆσιν</em></strong></span> <span class='ocrx_word' id='word_1_211' title='bbox 911 3175 1070 3260; x_wconf 80' lang='grc' dir='ltr'><strong><em>όπασσεν,</em></strong></span> 
     </span>
     <span class='ocr_line' id='line_1_30' title="bbox 175 3270 940 3367; baseline -0.001 -23"><span class='ocrx_word' id='word_1_212' title='bbox 175 3270 231 3344; x_wconf 82' lang='grc' dir='ltr'><strong><em>οἷά</em></strong></span> <span class='ocrx_word' id='word_1_213' title='bbox 252 3303 289 3345; x_wconf 90' lang='grc' dir='ltr'><strong><em>τε</em></strong></span> <span class='ocrx_word' id='word_1_214' title='bbox 309 3280 359 3367; x_wconf 73' lang='grc' dir='ltr'><strong><em>τῷ</em></strong></span> <span class='ocrx_word' id='word_1_215' title='bbox 380 3281 493 3367; x_wconf 82' lang='grc' dir='ltr'><strong><em>ι-οικῆι</em></strong></span> <span class='ocrx_word' id='word_1_216' title='bbox 515 3278 619 3360; x_wconf 72' lang='grc' dir='ltr'><strong><em>εάναξ</em></strong></span> <span class='ocrx_word' id='word_1_217' title='bbox 639 3278 787 3363; x_wconf 85' lang='grc' dir='ltr'><strong><em>έόθυμος</em></strong></span> <span class='ocrx_word' id='word_1_218' title='bbox 809 3277 940 3360; x_wconf 74' lang='grc' dir='ltr'><strong><em>ἔδωκεν,</em></strong></span> 
     </span>
     <span class='ocr_line' id='line_1_31' title="bbox 174 3378 1020 3470; baseline 0.004 -25"><span class='ocrx_word' id='word_1_219' title='bbox 174 3379 287 3447; x_wconf 74' lang='grc' dir='ltr'><strong><em>εσῖκόν</em></strong></span> <span class='ocrx_word' id='word_1_220' title='bbox 307 3405 344 3446; x_wconf 90' lang='grc' dir='ltr'><strong><em>τε</em></strong></span> <span class='ocrx_word' id='word_1_221' title='bbox 365 3379 484 3467; x_wconf 84' lang='grc' dir='ltr'><strong><em>κλῆρόν</em></strong></span> <span class='ocrx_word' id='word_1_222' title='bbox 505 3406 541 3446; x_wconf 90' lang='grc' dir='ltr'><strong><em>τε</em></strong></span> <span class='ocrx_word' id='word_1_223' title='bbox 562 3378 791 3470; x_wconf 82' lang='grc' dir='ltr'><strong><em>πολυμνήστην</em></strong></span> <span class='ocrx_word' id='word_1_224' title='bbox 812 3405 848 3447; x_wconf 90' lang='grc' dir='ltr'><strong><em>τε</em></strong></span> <span class='ocrx_word' id='word_1_225' title='bbox 868 3386 1020 3463; x_wconf 76' lang='grc' dir='ltr'><strong><em>τυναῖκα,</em></strong></span> 
     </span>
    </p>

    <p class='ocr_par' dir='ltr' id='par_1_11' title="bbox 135 3479 1130 3979">
     <span class='ocr_line' id='line_1_32' title="bbox 135 3479 1073 3573; baseline 0.003 -25"><span class='ocrx_word' id='word_1_226' title='bbox 135 3513 161 3555; x_wconf 69' lang='grc' dir='ltr'><strong><em>φ</em></strong></span> <span class='ocrx_word' id='word_1_227' title='bbox 177 3479 214 3561; x_wconf 86' lang='grc' dir='ltr'><strong><em>δς</em></strong></span> <span class='ocrx_word' id='word_1_228' title='bbox 234 3506 290 3548; x_wconf 72' lang='grc' dir='ltr'><strong><em>τοι</em></strong></span> <span class='ocrx_word' id='word_1_229' title='bbox 312 3482 419 3547; x_wconf 83' lang='grc' dir='ltr'><strong><em>πολλὰ</em></strong></span> <span class='ocrx_word' id='word_1_230' title='bbox 440 3481 580 3571; x_wconf 87' lang='grc' dir='ltr'><strong><em>κάμησι,</em></strong></span> <span class='ocrx_word' id='word_1_231' title='bbox 602 3482 684 3562; x_wconf 88' lang='grc' dir='ltr'><strong><em>θεδς</em></strong></span> <span class='ocrx_word' id='word_1_232' title='bbox 707 3480 738 3548; x_wconf 79' lang='grc' dir='ltr'><strong><em>δ’</em></strong></span> <span class='ocrx_word' id='word_1_233' title='bbox 761 3481 820 3549; x_wconf 74' lang='grc' dir='ltr'><strong><em>ἐπὶ</em></strong></span> <span class='ocrx_word' id='word_1_234' title='bbox 841 3481 958 3569; x_wconf 62' lang='grc' dir='ltr'><strong><em>τέρπον</em></strong></span> <span class='ocrx_word' id='word_1_235' title='bbox 979 3481 1073 3573; x_wconf 86' lang='grc' dir='ltr'><strong><em>ἀέξη,</em></strong></span> 
     </span>
     <span class='ocr_line' id='line_1_33' title="bbox 175 3577 1031 3674; baseline 0.001 -23"><span class='ocrx_word' id='word_1_236' title='bbox 175 3581 220 3664; x_wconf 86' lang='grc' dir='ltr'><strong><em>ῶς</em></strong></span> <span class='ocrx_word' id='word_1_237' title='bbox 241 3583 297 3651; x_wconf 85' lang='grc' dir='ltr'><strong><em>καὶ</em></strong></span> <span class='ocrx_word' id='word_1_238' title='bbox 320 3582 393 3668; x_wconf 74' lang='grc' dir='ltr'><strong><em>ἐμοὶ</em></strong></span> <span class='ocrx_word' id='word_1_239' title='bbox 414 3583 493 3650; x_wconf 91' lang='grc' dir='ltr'><strong><em>τόδε</em></strong></span> <span class='ocrx_word' id='word_1_240' title='bbox 513 3585 630 3670; x_wconf 62' lang='grc' dir='ltr'><strong><em>τέρπον</em></strong></span> <span class='ocrx_word' id='word_1_241' title='bbox 652 3580 780 3666; x_wconf 85' lang='grc' dir='ltr'><strong><em>ἀέξεται</em></strong></span> <span class='ocrx_word' id='word_1_242' title='bbox 805 3577 833 3674; x_wconf 76' lang='grc' dir='ltr'><em>ᾦ</em></span> <span class='ocrx_word' id='word_1_243' title='bbox 855 3583 1031 3671; x_wconf 78' lang='grc' dir='ltr'><strong><em>ἐπιμίμνω.</em></strong></span> 
     </span>
     <span class='ocr_line' id='line_1_34' title="bbox 175 3680 1056 3776; baseline 0 -23"><span class='ocrx_word' id='word_1_244' title='bbox 175 3687 224 3774; x_wconf 77' lang='grc' dir='ltr'><strong><em>τῷ</em></strong></span> <span class='ocrx_word' id='word_1_245' title='bbox 246 3685 284 3753; x_wconf 86' lang='grc' dir='ltr'><strong><em>κέ</em></strong></span> <span class='ocrx_word' id='word_1_246' title='bbox 304 3711 346 3770; x_wconf 90' lang='grc' dir='ltr'><strong><em>με</em></strong></span> <span class='ocrx_word' id='word_1_247' title='bbox 368 3683 461 3753; x_wconf 82' lang='grc' dir='ltr'><strong><em>πόλλ’</em></strong></span> <span class='ocrx_word' id='word_1_248' title='bbox 484 3680 587 3776; x_wconf 89' lang='grc' dir='ltr'><strong><em>ῶνησε</em></strong></span> <span class='ocrx_word' id='word_1_249' title='bbox 608 3685 725 3768; x_wconf 71' lang='grc' dir='ltr'><strong><em>εάναξ,</em></strong></span> <span class='ocrx_word' id='word_1_250' title='bbox 749 3684 780 3754; x_wconf 81' lang='grc' dir='ltr'><strong><em>εἰ</em></strong></span> <span class='ocrx_word' id='word_1_251' title='bbox 801 3684 921 3754; x_wconf 75' lang='grc' dir='ltr'><strong><em>αύτόθ’</em></strong></span> <span class='ocrx_word' id='word_1_252' title='bbox 946 3685 1056 3776; x_wconf 73' lang='grc' dir='ltr'><strong><em>έκήρα.</em></strong></span> 
     </span>
     <span class='ocr_line' id='line_1_35' title="bbox 176 3783 1130 3878; baseline 0 -24"><span class='ocrx_word' id='word_1_253' title='bbox 176 3784 245 3854; x_wconf 78' lang='grc' dir='ltr'><strong><em>ἀλλ’</em></strong></span> <span class='ocrx_word' id='word_1_254' title='bbox 268 3783 371 3855; x_wconf 82' lang='grc' dir='ltr'><strong><em>όλεθ’.</em></strong></span> <span class='ocrx_word' id='word_1_255' title='bbox 417 3783 462 3867; x_wconf 85' lang='grc' dir='ltr'><strong><em>ῶς</em></strong></span> <span class='ocrx_word' id='word_1_256' title='bbox 484 3783 599 3877; x_wconf 62' lang='grc' dir='ltr'><strong><em>ῶφελλ)</em></strong></span> <span class='ocrx_word' id='word_1_257' title='bbox 619 3786 746 3877; x_wconf 82' lang='grc' dir='ltr'><strong><em>Ἑλένης</em></strong></span> <span class='ocrx_word' id='word_1_258' title='bbox 768 3785 838 3856; x_wconf 91' lang='grc' dir='ltr'><strong><em>ἀπδ</em></strong></span> <span class='ocrx_word' id='word_1_259' title='bbox 862 3789 965 3878; x_wconf 80' lang='grc' dir='ltr'><strong><em>φῦλον</em></strong></span> <span class='ocrx_word' id='word_1_260' title='bbox 988 3787 1130 3856; x_wconf 91' lang='grc' dir='ltr'><strong><em>όλέσθαι</em></strong></span> 
     </span>
     <span class='ocr_line' id='line_1_36' title="bbox 176 3887 1104 3979; baseline 0.003 -23"><span class='ocrx_word' id='word_1_261' title='bbox 176 3890 314 3979; x_wconf 90' lang='grc' dir='ltr'><strong><em>πρόχνυ,</em></strong></span> <span class='ocrx_word' id='word_1_262' title='bbox 338 3889 413 3958; x_wconf 79' lang='grc' dir='ltr'><strong><em>ἐπεὶ</em></strong></span> <span class='ocrx_word' id='word_1_263' title='bbox 435 3891 566 3957; x_wconf 82' lang='grc' dir='ltr'><strong><em>πολλῶν</em></strong></span> <span class='ocrx_word' id='word_1_264' title='bbox 588 3887 713 3976; x_wconf 91' lang='grc' dir='ltr'><strong><em>ἀνδρῶν</em></strong></span> <span class='ocrx_word' id='word_1_265' title='bbox 735 3887 803 3957; x_wconf 83' lang='grc' dir='ltr'><strong><em>ύπδ</em></strong></span> <span class='ocrx_word' id='word_1_266' title='bbox 823 3887 953 3958; x_wconf 75' lang='grc' dir='ltr'><strong><em>τούνατ’</em></strong></span> <span class='ocrx_word' id='word_1_267' title='bbox 977 3888 1104 3959; x_wconf 76' lang='grc' dir='ltr'><strong><em>ἔλυσεν·</em></strong></span> 
     </span>
    </p>

    <p class='ocr_par' dir='ltr' id='par_1_12' title="bbox 137 3988 1037 4183">
     <span class='ocr_line' id='line_1_37' title="bbox 137 3988 1037 4084; baseline -0.004 -20"><span class='ocrx_word' id='word_1_268' title='bbox 137 4025 163 4066; x_wconf 82' lang='grc' dir='ltr'><strong><em>ιο</em></strong></span> <span class='ocrx_word' id='word_1_269' title='bbox 177 3994 235 4060; x_wconf 85' lang='grc' dir='ltr'><strong><em>καί</em></strong></span> <span class='ocrx_word' id='word_1_270' title='bbox 255 3995 317 4083; x_wconf 68' lang='grc' dir='ltr'><strong><em>κάρ</em></strong></span> <span class='ocrx_word' id='word_1_271' title='bbox 340 3998 445 4073; x_wconf 85' lang='grc' dir='ltr'><strong><em>κεῖνος</em></strong></span> <span class='ocrx_word' id='word_1_272' title='bbox 467 3989 526 4082; x_wconf 74' lang='grc' dir='ltr'><strong><em>ἔβη</em></strong></span> <span class='ocrx_word' id='word_1_273' title='bbox 551 3988 790 4077; x_wconf 66' lang='grc' dir='ltr'><strong><em>’άταμέμνσνος</em></strong></span> <span class='ocrx_word' id='word_1_274' title='bbox 812 3995 919 4060; x_wconf 78' lang='grc' dir='ltr'><strong><em>εἵνεκα</em></strong></span> <span class='ocrx_word' id='word_1_275' title='bbox 939 3996 1037 4084; x_wconf 83' lang='grc' dir='ltr'><strong><em>τιμῆς</em></strong></span> 
     </span>
     <span class='ocr_line' id='line_1_38' title="bbox 177 4093 991 4183; baseline 0.004 -21"><span class='ocrx_word' id='word_1_276' title='bbox 177 4093 292 4164; x_wconf 71' lang='grc' dir='ltr'><strong><em>Έίλιον</em></strong></span> <span class='ocrx_word' id='word_1_277' title='bbox 313 4093 361 4176; x_wconf 82' lang='grc' dir='ltr'><strong><em>εἰς</em></strong></span> <span class='ocrx_word' id='word_1_278' title='bbox 383 4095 547 4176; x_wconf 80' lang='grc' dir='ltr'><strong><em>ἐύπωλον,</em></strong></span> <span class='ocrx_word' id='word_1_279' title='bbox 571 4097 626 4162; x_wconf 81' lang='grc' dir='ltr'><strong><em>ἵνα</em></strong></span> <span class='ocrx_word' id='word_1_280' title='bbox 652 4094 801 4183; x_wconf 79' lang='grc' dir='ltr'><strong><em>Τρώεσσι</em></strong></span> <span class='ocrx_word' id='word_1_281' title='bbox 822 4094 991 4181; x_wconf 80' lang='grc' dir='ltr'><strong><em>μάχοιτο.”</em></strong></span> 
     </span>
    </p>

    <p class='ocr_par' dir='ltr' id='par_1_13' title="bbox 175 4188 1137 4493">
     <span class='ocr_line' id='line_1_39' title="bbox 218 4188 1036 4288; baseline 0.001 -23"><span class='ocrx_word' id='word_1_282' title='bbox 218 4188 264 4278; x_wconf 86' lang='grc' dir='ltr'><strong><em>ῶς</em></strong></span> <span class='ocrx_word' id='word_1_283' title='bbox 284 4198 410 4266; x_wconf 70' lang='grc' dir='ltr'><strong><em>εειπιδν</em></strong></span> <span class='ocrx_word' id='word_1_284' title='bbox 433 4200 575 4288; x_wconf 84' lang='grc' dir='ltr'><strong><em>ζωστῆρι</em></strong></span> <span class='ocrx_word' id='word_1_285' title='bbox 595 4200 690 4279; x_wconf 83' lang='grc' dir='ltr'><strong><em>θοῶς</em></strong></span> <span class='ocrx_word' id='word_1_286' title='bbox 712 4197 880 4287; x_wconf 72' lang='grc' dir='ltr'><strong><em>συνέεερτε</em></strong></span> <span class='ocrx_word' id='word_1_287' title='bbox 900 4202 1036 4282; x_wconf 90' lang='grc' dir='ltr'><strong><em>χιτῶνα,</em></strong></span> 
     </span>
     <span class='ocr_line' id='line_1_40' title="bbox 175 4297 1137 4391; baseline 0 -24"><span class='ocrx_word' id='word_1_288' title='bbox 175 4302 218 4390; x_wconf 79' lang='grc' dir='ltr'><strong><em>βῆ</em></strong></span> <span class='ocrx_word' id='word_1_289' title='bbox 241 4299 272 4367; x_wconf 85' lang='grc' dir='ltr'><strong><em>δ’</em></strong></span> <span class='ocrx_word' id='word_1_290' title='bbox 295 4297 371 4385; x_wconf 80' lang='grc' dir='ltr'><strong><em>’ίμεν</em></strong></span> <span class='ocrx_word' id='word_1_291' title='bbox 392 4299 426 4379; x_wconf 86' lang='grc' dir='ltr'><strong><em>ές</em></strong></span> <span class='ocrx_word' id='word_1_292' title='bbox 447 4299 602 4391; x_wconf 87' lang='grc' dir='ltr'><strong><em>συφεούς,</em></strong></span> <span class='ocrx_word' id='word_1_293' title='bbox 625 4297 686 4369; x_wconf 85' lang='grc' dir='ltr'><strong><em>δθι</em></strong></span> <span class='ocrx_word' id='word_1_294' title='bbox 707 4299 831 4367; x_wconf 71' lang='grc' dir='ltr'><strong><em>εέθνεα</em></strong></span> <span class='ocrx_word' id='word_1_295' title='bbox 851 4300 990 4391; x_wconf 73' lang='grc' dir='ltr'><strong><em>εέρχατυ</em></strong></span> <span class='ocrx_word' id='word_1_296' title='bbox 1010 4299 1137 4390; x_wconf 87' lang='grc' dir='ltr'><strong><em>χοίρων.</em></strong></span> 
     </span>
     <span class='ocr_line' id='line_1_41' title="bbox 175 4397 1071 4493; baseline 0.001 -23"><span class='ocrx_word' id='word_1_297' title='bbox 175 4398 271 4471; x_wconf 71' lang='grc' dir='ltr'><strong><em>ἔνθεν</em></strong></span> <span class='ocrx_word' id='word_1_298' title='bbox 292 4399 374 4470; x_wconf 75' lang='grc' dir='ltr'><strong><em>ἑλῶν</em></strong></span> <span class='ocrx_word' id='word_1_299' title='bbox 395 4398 446 4470; x_wconf 78' lang='grc' dir='ltr'><strong><em>δύ’</em></strong></span> <span class='ocrx_word' id='word_1_300' title='bbox 469 4399 586 4486; x_wconf 71' lang='grc' dir='ltr'><strong><em>ἔνεικε,</em></strong></span> <span class='ocrx_word' id='word_1_301' title='bbox 609 4401 667 4470; x_wconf 87' lang='grc' dir='ltr'><strong><em>καὶ</em></strong></span> <span class='ocrx_word' id='word_1_302' title='bbox 689 4397 897 4492; x_wconf 87' lang='grc' dir='ltr'><strong><em>ἀμφοτέρους</em></strong></span> <span class='ocrx_word' id='word_1_303' title='bbox 918 4400 1071 4493; x_wconf 72' lang='grc' dir='ltr'><strong><em>ἱέρευσεν,</em></strong></span> 
     </span>
    </p>
   </div>
   <div class='ocr_carea' id='block_1_3' title="bbox 0 0 1440 5026">
    <p class='ocr_par' dir='ltr' id='par_1_14' title="bbox 0 0 1440 5026">
     <span class='ocr_line' id='line_1_42' title="bbox 0 0 1440 5026; baseline 0 0"><span class='ocrx_word' id='word_1_304' title='bbox 0 0 1440 5026; x_wconf 95' lang='lat' dir='ltr'><strong><em> </em></strong></span> 
     </span>
    </p>
   </div>
  </div>
 </body>
</html>
