2858 5026
503 264 527 309 9.
564 260 815 310 ommni
835 260 845 308 1

126 413 159 480 ἐν
180 413 238 498 μέν
258 413 320 499 νάρ
342 414 498 496 λειμῶνες
521 408 600 491 άλός
622 414 756 479 πολιοῖο
777 409 856 498 παρ’
881 407 986 495 όχθας

126 513 257 604 ὑδρηλοὶ
279 512 435 600 μαλακοί·
458 511 549 597 μάλα
569 509 604 580 κ’
627 510 772 604 ίίφθιτοι
795 511 941 598 όίμπελοι
964 504 1042 577 εἶεν·

126 612 159 683 ἓν
181 614 212 682 δ’
237 612 351 703 όίροσις
372 612 458 703 λείη·
480 615 570 698 μάλα
591 640 645 683 κεν
665 618 757 701 βαθύ
777 615 871 705 λήιον
893 611 961 681 αἶεί

74 742 112 783 ιιι
127 715 174 796 εἰς
196 716 283 806 ῶρας
306 713 427 803 άμηῖεν,
449 715 526 783 ἐπεὶ
548 715 638 801 μάλα
659 724 742 804 πῖαρ
764 715 824 785 ὑπ’
846 710 953 795 υύδας.

125 818 160 886 ἐν
183 817 221 884 δέ
242 819 340 907 λιμήν
361 816 510 902 ἐύορμος,
534 813 577 882 ἵν’
601 813 639 882 ού
661 821 743 902 χρειό
767 817 951 901 πείσματος
972 811 1073 896 ἐστίν,

128 915 197 985 οὔτ’
221 915 314 998 εύνάς
334 916 465 1004 βαλέειν
487 913 561 984 ούτε
582 916 758 1007 πρυμνήσι’
783 917 927 1005 άνάψαι,

128 1016 196 1085 ἀλλ’
217 1019 455 1098 ἐπικέλσαντας
475 1026 585 1104 μεῖναι
606 1020 732 1107 χρόνον,
756 1019 803 1100 εἰς
825 1018 845 1086 ὅ
865 1045 902 1086 κε
923 1018 1062 1085 ναυτέων

127 1122 237 1203 θυμός
258 1120 418 1212 ἐποτρύνῃ
439 1122 497 1188 καί
518 1121 764 1190 ἐπιπνεύσωσιν
786 1119 896 1212 άήται.

75 1248 114 1286 ιω
129 1217 230 1308 αὐτὰρ
253 1221 311 1289 ἐπὶ
333 1223 452 1308 κρατός
474 1221 602 1306 λιμένος
623 1223 690 1310 ῥέει
714 1221 836 1291 όνλαόν
856 1222 956 1311 ὕδωρ,

127 1322 225 1413 κρήνη
248 1323 315 1390 ὑπό
338 1321 489 1402 σπείους·
513 1325 590 1413 περὶ
613 1323 644 1391 δ’
667 1322 810 1414 αἰἰειροι
833 1324 1010 1414 πεφύασιν.

127 1423 212 1492 ένθα
234 1424 467 1509 κατεπλέομεν,
490 1423 548 1492 καί
568 1451 621 1505 τις
642 1428 724 1507 θεὸς
743 1425 935 1515 ήτεμόνευεν
965 1506 968 1512 ¹

126 1527 225 1595 νύκτα
248 1524 294 1594 δι’
319 1524 489 1616 ὀρφναίην,
514 1524 591 1595 ούδέ
612 1525 827 1618 προυφαίνετ’
851 1527 1001 1596 ἰδέσθαι·

128 1627 189 1718 άήρ
210 1631 273 1716 τὰρ
295 1630 373 1719 περὶ
394 1630 488 1718 νηυσὶ
510 1627 628 1716 βαθεῖ’
650 1625 703 1719 ήν,
727 1627 803 1697 οὐδὲ
826 1630 940 1718 σελήνη

78 1760 116 1801 ιιι
131 1730 310 1818 οὐρανόθεν
332 1730 533 1820 προύφαινε,
555 1728 722 1813 κατείχετο
746 1733 782 1798 δὲ
802 1731 979 1820 νεφέεσσιν.

130 1830 204 1900 ἔνθ’
228 1830 266 1899 ού
286 1858 338 1911 τις
358 1833 416 1919 τήν
437 1834 534 1920 νῆσον
554 1831 728 1917 ἐσέδρακεν
750 1829 990 1921 ὀφθαλμοῖσιν,

130 1930 199 2000 οὔτ’
223 1927 278 1999 ούν
299 1932 429 2017 κύματα
449 1933 560 2017 μακρά
581 1932 795 2017 κυλινδόμενα
817 1930 918 2017 προτὶ
938 1930 1054 2017 χέρσον

130 2031 301 2117 ἐσείδομεν
322 2033 402 2122 πρὶν
422 2035 503 2122 νήας
523 2033 720 2118 ἐυσσέλμους
741 2033 926 2101 ἐπικέλσαι.
1047 2100 1054 2110 ,

130 2133 309 2225 κελσάσησι
333 2134 370 2201 δὲ
391 2135 485 2224 νηυσὶ
506 2135 707 2220 καθείλομεν
729 2132 820 2202 ῖστία
842 2133 966 2215 πάντα,

78 2266 116 2305 ιω
130 2237 166 2306 ἐκ
189 2237 305 2304 δὲκαὶ
327 2233 422 2304 αὐτοὶ
444 2240 545 2327 βῆμεν
567 2237 627 2304 ἐπὶ
648 2243 778 2327 ῥητμῖνι
801 2235 989 2326 θαλάσσης·

129 2337 214 2408 ἔνθα
237 2336 268 2406 δ’
292 2336 530 2426 ἀποβρίξαντες
552 2337 722 2423 ἐμείναμεν
739 2335 812 2405 Ἠῶ
833 2339 915 2404 δῖαν.

171 2437 257 2530 ἦμος
279 2438 310 2508 δ’
332 2437 497 2529 ήρινένεια
518 2439 606 2531 φάνη
629 2440 870 2526 ῥοδοδάκτυλος
887 2436 990 2518 Ἠιός,

129 2546 225 2634 νῆσον
247 2541 472 2627 θαυμάζοντες
494 2542 716 2627 ἐδινεόμεσθα
737 2538 809 2608 κατ’
834 2539 941 2630 αὐτήν.

131 2639 239 2736 ῶρσαν
261 2645 298 2712 δέ
319 2645 460 2733 νύμφαι,
483 2647 600 2730 κοῦραι
623 2644 708 2723 Διός
730 2641 909 2725 αῖνιόχοιο,

80 2770 118 2811 ιιι
133 2741 230 2826 αίνας
253 2742 448 2834 όρεσκηίους,
472 2748 526 2812 ἵνα
549 2744 761 2834 δειπνήσειαν
783 2742 918 2830 ἑταῖροι.

134 2845 252 2915 αύτίκα
273 2846 431 2931 καμπύλα
451 2846 532 2926 τόξα
553 2845 610 2913 καὶ
633 2844 786 2926 αἰνανέας
808 2845 1024 2928 δολιχαύλους

133 2945 282 3034 εἱλόμεθ’
305 2947 341 3016 ἐκ
363 2950 461 3038 νηῶν,
485 2948 545 3016 διά
567 2948 605 3016 δέ
624 2946 721 3035 τρίχα
742 2949 966 3038 κοσμηθέντες

132 3051 315 3136 βάλλομεν·1
332 3044 422 3139 αἶψα
444 3048 476 3117 δ’
499 3047 603 3117 ἔδωκε
624 3051 706 3130 θεός
726 3049 917 3134 μενονεικέα
938 3048 1052 3139 θήρην.

133 3160 206 3242 νῆες
226 3153 284 3238 μέν
304 3178 364 3237 μοι
387 3150 506 3219 έποντο
530 3151 691 3234 δυιύδεκα,
715 3151 748 3232 ἐς
770 3153 807 3220 δὲ
827 3152 988 3242 νεκάστην

80 3280 120 3321 ιιι
134 3253 225 3322 ἐννέα
245 3253 406 3338 λάνχανον
428 3247 532 3333 αίνες·
555 3252 631 3338 ἐμοὶ
653 3253 690 3321 δὲ
713 3251 778 3322 δέκ’
802 3251 909 3335 έξελον
932 3252 1004 3343 οἴῳ.

134 3348 180 3435 ῶς
200 3355 275 3423 τότε
295 3355 356 3440 μέν
377 3357 513 3444 πρόπαν
535 3347 634 3445 ἦμαρ,
658 3356 692 3436 ἐς
712 3352 822 3445 ήέλιον
843 3356 1042 3436 καταδύντα,

132 3456 246 3545 ήμεθα
268 3456 458 3542 δαινύμενοι
479 3456 558 3543 κρέα
579 3455 610 3523 τ’
634 3454 763 3525 άσπετα
784 3456 841 3525 καὶ
862 3458 951 3543 μέθυ
973 3456 1065 3548 εηδύ.

135 3554 173 3626 ού
193 3558 256 3648 νάρ
278 3584 334 3624 πω
355 3562 439 3648 νηῶν
460 3557 622 3648 ἐξέφθιτο
641 3564 750 3639 εοῖνος
770 3557 923 3648 ἐρυθρός,

135 3656 200 3726 ἀλλ’
223 3660 328 3751 ἐνέην·
351 3661 475 3728 πολλόν
495 3662 559 3746 τὰρ
581 3659 615 3727 ἐν
637 3657 864 3750 ἀμφιφορεῦσι
885 3661 1043 3730 κέκασται

81 3794 121 3834 ιιι
135 3759 305 3852 ἠφύσαμεν
326 3762 478 3831 Κικόνων
500 3760 587 3852 ῖερόν
609 3760 811 3850 πτολίεθρον
832 3760 965 3844 ἑλόντες.

136 3863 328 3931 Κυκλώπων
350 3862 382 3931 δ’
403 3864 438 3944 ἐς
457 3869 556 3932 ναῖαν
576 3863 769 3948 ἐλεύσσομεν
790 3863 885 3945 ἐντύς
907 3863 1039 3946 ἐόντων,

134 3967 261 4035 καπνόν
281 3964 315 4033 τ’
339 3963 445 4034 αύτῶν
463 3993 500 4035 τε
521 3968 676 4058 φθονιήν
698 3962 778 4035 όίων
798 3992 834 4034 τε
855 3967 913 4034 καὶ
936 3964 1044 4033 αἰνῶν.

133 4060 216 4157 ἦμος
238 4065 268 4135 δ
291 4066 402 4157 η’έλιος
422 4069 542 4136 κατέδυ
563 4070 622 4136 καὶ
643 4068 703 4136 ἐπὶ
725 4068 847 4158 κνέφας
868 4061 985 4159 ἦλθεν,
1080 4143 1084 4150 ,

135 4171 177 4260 δή
198 4169 275 4238 τότε
296 4169 506 4260 κοιμήθημεν
526 4170 586 4238 ἐπὶ
608 4175 738 4260 ρηνμῖνι
758 4170 942 4261 θαλάσσης.

82 4303 121 4344 ιιι
134 4265 219 4361 ἦμος
240 4269 271 4339 δ’
294 4269 461 4361 ήρινένεια
481 4272 568 4362 φάνη
591 4270 830 4360 ῥοδοδάκτυλος
848 4267 945 4360 Ἠώς,

135 4375 193 4441 καὶ
214 4372 284 4441 τότ’
307 4374 388 4441 ἐτῶν
410 4371 531 4464 άνορήν
550 4373 693 4459 θέμενος
713 4375 797 4457 μετά
820 4374 924 4440 πᾶσιν
946 4371 1081 4441 έεειπον
