2858 5026
190 239 252 304 106
563 241 588 290 ε.
624 241 910 293 mmmm

188 398 280 460 κεῖθι
303 394 344 481 δή
368 390 538 461 αἰνότατον
560 392 704 477 πόλεμον
726 393 814 482 φάτο
835 395 1041 482 τολμήσαντα

134 520 174 562 σευ
188 496 320 584 νικῆσαι
341 494 397 562 καί
419 492 536 563 ἔπειτα
559 498 616 563 διά
637 495 831 581 μειάθυμον
850 494 1006 587 ΙἈθήνην.

229 593 322 662 ταῦτ’
344 593 398 684 άρ’
421 593 535 676 άοιδδς
557 595 648 665 άειδε
669 597 878 687 περικλυτός·
902 596 1002 687 αύτάρ
1029 597 1204 680 Ὀδυσσεύς

187 695 316 786 τήκετο,
340 697 442 786 δάκρυ
466 695 500 766 δ’
522 696 629 766 έδευεν
650 695 717 765 ὑπὸ
739 699 939 789 βλεφάροισι
961 700 1112 786 παρειάς.

188 795 232 877 ιὸς
255 798 291 865 δὲ
310 800 388 886 τυνή
411 798 544 889 κλαίῃσι
566 799 664 890 φίλον
686 800 788 868 πόσιν
810 798 1063 890 α’μφιπεσοῦσα,

190 898 225 980 ός
244 926 280 967 τε
300 903 376 990 τεῆς
397 901 548 989 πρόσθεν
570 901 688 982 πόλιος
709 902 796 968 λαιόν
817 927 853 969 τε
874 902 1027 993 πέσῃσιν,

136 1032 175 1071 525
188 1002 304 1069 εάστει
326 1002 383 1068 καὶ
404 1002 570 1070 τεκέεσσιν
592 998 720 1087 άμύνων
741 1001 851 1091 νηλεὲς
872 995 974 1090 ήμαρ·

188 1098 211 1193 ή
231 1105 290 1189 μὲν
310 1104 367 1170 τόν
388 1104 575 1193 θνήσκοντα
597 1104 653 1170 καί
676 1100 883 1193 ἀσπαίροντα
904 1106 1047 1173 ειδοῦσα

189 1202 274 1295 ἄμφ’
298 1202 385 1295 αι’πῷ
406 1207 523 1293 χυμένη
545 1202 622 1271 λίεα
643 1205 776 1272 κωκύει·
800 1201 837 1272 οἳ
856 1205 894 1273 δέ
913 1203 945 1271 τ’
967 1202 1113 1274 όπισθεν

189 1307 366 1387 κόπτοντες
387 1306 539 1391 δούρεσσι
561 1306 764 1395 μετάφρενον
784 1304 844 1396 η’δὲ
866 1308 924 1374 καὶ
946 1303 1055 1392 ιῖίμους

190 1406 314 1497 εἴρερον
336 1407 557 1488 εἰσανάνουσι,
582 1407 682 1474 πόνον
703 1405 735 1473 τ’
758 1407 869 1492 ἐχέμεν
890 1409 947 1476 καὶ
970 1406 1075 1491 όιζόν·

137 1545 176 1584 5³0
189 1513 247 1600 τῆς
269 1507 300 1577 δ’
322 1508 532 1597 ἐλεεινοτάτῳ
557 1504 631 1591 άχεῖ
650 1508 861 1598 φθινύθουσι
883 1509 1036 1597 παρειαί·

191 1604 235 1692 ὦς
252 1608 405 1689 Ὀδυσεύς
426 1610 566 1678 ἐλεεινὸν
586 1606 646 1676 ὑπ’
671 1606 793 1700 ὀφρύσι
816 1609 956 1697 δάκρυον
978 1606 1074 1698 εἶβεν.

189 1709 263 1780 ἔνθ’
286 1708 403 1792 άλλους
422 1712 481 1797 μέν
503 1712 630 1792 πάντας
651 1711 813 1779 ἐλάνθανε
834 1711 960 1799 δάκρυα
981 1713 1111 1800 λείβων,

189 1811 357 1894 Ἀλκίνοος
381 1813 418 1881 δέ
437 1841 494 1899 μιν
517 1807 588 1893 οἶος
610 1810 817 1903 ἐπεφράσατ’
840 1810 900 1903 η’δὲ
920 1814 1035 1904 νόησεν

190 1916 305 2006 ήμενος
327 1913 399 2000 ἔσχ’
422 1913 534 1996 αὐτοῦ,
556 1916 639 2004 βαρύ
663 1914 699 1982 δέ
720 1914 929 1999 στενάχοντος
951 1911 1096 1983 άκουσεν.

126 2045 176 2084 σεε
191 2011 279 2103 αἶψα
301 2017 338 2084 δὲ
362 2017 549 2106 Φαιήκεσσι
570 2015 806 2105 φιληρέτμοισι
827 2016 972 2106 μετηύδα

186 2116 356 2200 ί(κέκλυτε,
380 2118 536 2207 Φαιήκων
556 2115 713 2205 ἡγήτορες
734 2114 794 2206 ήδέ
814 2118 983 2202 μέδοντες,

190 2219 389 2308 Δημόδοκος
411 2215 442 2284 δ’
463 2213 525 2306 ἥδη
549 2216 695 2298 σχεθέτω
718 2217 888 2306 φόρμιισα
909 2222 1049 2288 λιι-εῖαν·

192 2317 228 2387 οὗ
250 2317 312 2405 νάρ
335 2343 390 2384 πω
413 2317 573 2384 πάντεσσι
594 2315 805 2406 χαριζόμενος
820 2316 900 2387 ,τάδ’
924 2317 1040 2390 άείδει.

190 2420 228 2503 ἐξ
248 2413 286 2486 οὗ
310 2417 492 2504 δορπέομέν
513 2442 549 2484 τε
571 2417 628 2484 καί
651 2414 753 2505 όίρορε
775 2424 870 2499 θεῖος
892 2418 1020 2504 άοιδός,

138 2557 177 2596 540
191 2523 227 2591 ἐκ
248 2523 306 2588 τοῦ
329 2517 362 2586 δ’
386 2515 424 2586 ού
445 2545 500 2585 πω
523 2517 669 2586 παύσατ’
693 2515 838 2607 ὀιζυροῖο
859 2522 955 2595 νόοιο

190 2621 209 2692 δ
232 2625 347 2705 ξεῖνος·
369 2622 459 2706 μάλα
480 2622 548 2689 πού
569 2648 627 2705 μιν
649 2617 727 2705 άχος
748 2622 869 2713 φρένας
891 2622 1126 2718 άμφιβέβηκεν.

191 2723 264 2794 ἀλλ’
286 2721 341 2792 άτ’
364 2719 384 2790 δ
404 2725 463 2809 μέν
485 2723 645 2807 σχεθέτω,
668 2721 710 2792 ἵν’
735 2722 825 2808 ὁμῶς
846 2727 1050 2813 τερπώμεθα
1072 2730 1205 2810 πάντες,

190 2827 372 2909 ξεινοδόκοι
393 2826 451 2893 καὶ
472 2825 584 2905 ξεῖνος,
608 2824 684 2892 έπεὶ
706 2826 792 2892 πολύ
814 2825 948 2896 κάλλιον
970 2831 1085 2912 οὕτως·

191 2933 298 2996 εἵνεκα
318 2928 381 3015 τὰρ
405 2927 527 3008 ξείνοιο
547 2922 625 2993 τάδ’
648 2924 793 2995 αἰδοίοιο
815 2928 979 3014 τέτυκται,

137 3057 177 3096 ωε
191 3030 311 3119 πομπή
334 3028 390 3095 καί
413 3027 496 3118 φίλα
519 3030 622 3118 δῶρα,
644 3029 686 3096 τά
707 3056 762 3098 τοι
784 3028 921 3116 δίδομεν
942 3034 1119 3123 φιλέοντες.

191 3130 263 3199 άντί
284 3130 481 3218 κασιινήτου
503 3130 609 3210 ξεῖνός
626 3127 663 3199 θ’
689 3127 795 3220 ἱκέτης
816 3157 852 3199 τε
871 3135 1024 3202 τέτυκται

192 3230 283 3320 άνέρι
306 3230 343 3311 ὅς
363 3229 394 3298 τ’
417 3228 528 3299 όλίνον
550 3255 613 3318 περ
636 3231 789 3320 ἐπιψαύῃ
813 3232 1047 3320 πραπίδεσσιν.

190 3337 238 3423 τῷ
258 3335 311 3399 νῦν
332 3332 417 3420 μηδὲ
439 3333 479 3398 σύ
501 3333 603 3398 κεῦθε
624 3331 765 3419 νοήμασι
787 3334 1014 3418 κερδαλέοισιν

192 3434 265 3503 ὅττι
287 3434 324 3501 κέ
346 3429 377 3499 σ’
401 3430 553 3520 ε’ίρωμαν
577 3430 714 3519 φάσθαι
737 3434 774 3500 δέ
794 3456 832 3499 σε
853 3433 988 3502 κάλλιον
1009 3433 1107 3503 ἐστίν.

138 3564 178 3604 ωε
191 3534 282 3606 κάτ’
306 3531 399 3620 ὄνομ’
422 3532 494 3601 όττι
516 3556 554 3601 σε
576 3540 671 3600 κεῖθι
692 3534 809 3602 κάλεον
829 3534 935 3627 μήτηρ
956 3562 994 3604 τε
1015 3538 1124 3628 πατήρ
1145 3565 1181 3606 τε

192 3638 287 3708 άλλοι
309 3634 349 3705 θ’
370 3633 400 3703 οἳ
424 3637 508 3702 κατὰ
528 3634 630 3702 εάστυ
653 3635 710 3703 καί
734 3634 769 3704 οἳ
785 3638 1088 3726 περιναιετάουσιν·

192 3739 230 3810 ού
251 3741 314 3832 μήν
333 3739 397 3828 νάρ
418 3764 471 3818 τις
492 3737 637 3823 πάμπαν
659 3735 826 3825 άνιύνυμός
847 3737 916 3809 ἐστ’
940 3736 1142 3828 ἀνθρώπων,

192 3840 230 3910 ού
253 3841 353 3923 κακδς
374 3837 450 3909 ούδὲ
470 3839 529 3926 μέν
550 3837 686 3919 ἐσθλός,
710 3839 793 3929 ἐπήν
813 3842 856 3907 τά
878 3842 995 3927 πρῶτα
1015 3841 1160 3932 τένηται,

192 3941 265 4011 ἀλλ’
288 3944 346 4012 ἐπὶ
369 3950 457 4010 πᾶσι
478 3938 646 4019 τίθενται,
669 3938 745 4008 έπεί
767 3967 804 4008 κε
824 3942 958 4022 τέκωσι,
981 3945 1104 4033 τοκῆες.

138 4047 290 4116 ωιεειπὲ
313 4046 351 4113 δέ
371 4071 431 4130 μοι
452 4044 550 4112 ναῖάν
570 4069 607 4110 τε
626 4045 700 4133 τεήν
722 4043 826 4131 δῆμόν
846 4070 882 4111 τε
904 4043 1006 4111 πόλιν
1026 4071 1074 4125 τε,

194 4145 283 4240 όφρα
304 4172 342 4216 σε
362 4149 403 4237 τῇ
424 4146 588 4232 πέμπωσι
608 4144 839 4230 τιτυσκόμεναι
862 4145 961 4235 φρεσί
982 4148 1063 4234 νῆες.

194 4248 231 4319 ού
253 4251 315 4339 κάρ
338 4248 525 4338 Φαιήκεσσι
547 4251 778 4338 κυβερνητῆρες
799 4245 904 4327 έασιν,

194 4350 273 4422 ούδέ
294 4379 328 4419 τι
349 4348 490 4442 πηδάλι’
513 4347 599 4434 ἔστι,
622 4349 663 4417 τά
685 4347 716 4417 τ’
740 4346 838 4417 άλλαι
859 4350 932 4439 νῆες
953 4344 1095 4430 ἔχουσιν·
