2858 5026
559 308 584 355 θ.
621 303 912 356 nmmum

192 456 275 527 ἔνθα
297 460 354 528 καί
375 456 499 549 ἠματίη
521 457 582 542 μὲν
604 455 798 547 ὑφαίνεσκεν
818 457 922 544 μίταν
943 452 1044 535 ῖστόν,

139 587 177 628 ισε
191 560 306 641 νύκτας
329 557 364 627 δ’
387 557 571 638 ἀλλύεσκεν,
595 558 671 627 ἐπεὶ
694 561 814 640 δαΐδας
835 564 1034 646 παραθεῖτο.

190 651 235 743 ῶς
255 660 399 748 τρίτετες
418 659 479 744 μὲν
501 657 604 750 ἔληθε
626 661 714 750 δόλῳ
738 661 795 729 καὶ
818 659 958 729 ἔπειθεν
980 656 1149 744 Ἀχαιούς·

191 759 261 831 ἀλλ’
286 761 339 831 ὅτε
359 760 513 850 τέτρατον
534 756 621 851 ἦλθε
641 761 737 844 τέτος
758 763 815 830 καί
837 760 1008 853 ἐπήλυθον
1029 753 1127 848 ῶραι,

190 864 246 932 καί
268 862 344 931 τότε
365 864 406 952 δή
427 888 479 942 τις
501 860 615 930 έτειπε
634 867 809 943 τυναικῶν,
832 858 853 953 ἢ
876 862 970 952 σάφα
990 863 1089 954 τήδη,

191 965 249 1033 καὶ
269 964 327 1055 τήν
346 963 380 1033 τ’
402 961 584 1031 ἀλλύουσαν
605 965 784 1054 ἐφεύρομεν
806 962 928 1032 ἀτλαδν
949 961 1048 1032 ῖστύν.

138 1094 176 1133 ιισ
191 1059 236 1147 ῶς
255 1069 294 1135 τδ
316 1065 376 1152 μέν
397 1065 581 1148 ἐξετέλεσσε
602 1067 660 1132 καὶ
683 1063 742 1133 ούκ
764 1061 929 1146 έθέλουσ’,
952 1062 1012 1133 ὑπ’
1034 1062 1190 1155 ἀνάτκης·

188 1169 242 1236 σοὶ
265 1166 298 1235 δ’
320 1160 386 1234 ῶδε
406 1168 585 1257 μνηστῆρες
605 1162 829 1252 ύπσκρίνονθ’,
851 1169 906 1233 ἵνα
927 1168 1043 1256 τειδής

188 1265 287 1351 αύτδς
308 1271 356 1360 σηῖ
377 1270 491 1357 θυμῷ,
512 1270 652 1335 τειδῶσι
675 1268 713 1335 δὲ
735 1268 857 1348 πάντες
878 1265 1018 1351 Ἀχαιοί.

187 1372 312 1462 μητέρα
333 1372 392 1461 σήν
413 1367 636 1459 ἀπόπεμψον,
662 1365 793 1454 ἀνωχθι
816 1368 855 1438 δέ
873 1396 931 1456 μιν
951 1368 1143 1455 ταμέεσθαι

187 1481 236 1562 τῷ
258 1471 340 1563 ὅτεῴ
361 1498 397 1540 τε
419 1474 527 1562 πατήρ
548 1473 680 1540 κέλεται
702 1473 759 1540 καί
780 1473 936 1540 τανδάνει
958 1469 1051 1562 αάτῇ.

136 1598 175 1639 ιιε
190 1571 219 1641 εῖ
242 1571 273 1641 δ’
297 1571 344 1642 ἔτ’
369 1570 497 1663 ἀνιήσει
519 1600 558 1641 τε
579 1575 682 1641 πολύν
702 1573 816 1660 χρόνον
837 1566 912 1656 υἷας
933 1571 1090 1659 Ἀχαιῶν,

187 1675 229 1742 τδ
251 1673 425 1765 φρονέουσ’
447 1672 510 1742 ἀνά
531 1677 642 1759 θυμὸν
664 1672 687 1741 ἀ
707 1700 761 1743 τοι
784 1676 862 1766 περὶ
885 1678 988 1742 δῶκεν
1009 1672 1154 1766 Ἀθήνη,

187 1777 286 1864 τέρεα
307 1774 339 1843 τ’
361 1775 571 1844 ἐπίστασθαι
595 1775 796 1860 περικαλλέα
818 1776 875 1843 καῖ
897 1777 1017 1865 φρένας
1038 1776 1164 1856 ἐσθλάς

188 1868 304 1966 κέρδεά
325 1875 376 1959 θ’,
401 1869 448 1944 οῖ’
472 1873 510 1944 ού
532 1876 587 1942 πιύ
607 1873 673 1945 τιν’
696 1873 856 1962 ἀκούομεν
878 1874 955 1944 οὐδὲ
976 1879 1143 1960 παλαιῶν,

188 1980 276 2046 τάανν
298 1973 337 2046 ἀί
354 1978 462 2066 πάρος
482 1970 564 2068 ήσαν
586 1976 829 2061 ἒυπλοκάμιδες
852 1973 1001 2060 Ἀχαιαί,

138 2111 176 2151 τευ
195 2079 288 2171 Τυρῶ
309 2076 339 2146 τ’
363 2077 525 2170 Ἀλκμήνη
547 2104 583 2146 τε
606 2078 803 2168 ἐυστέφανός
823 2104 860 2147 τε
881 2078 1032 2170 Μυκήνη.

188 2182 275 2250 τάιυν
298 2178 337 2249 ού
356 2208 408 2263 τις
430 2178 529 2267 ὁμοῖα
551 2180 697 2272 νοήματα
717 2180 927 2273 Πηνελοπείῃ

187 2283 281 2376 τῄδη.
326 2280 407 2375 ἀτάρ
428 2285 493 2373 μήν
513 2282 610 2351 τοῦτό
630 2281 662 2349 τ’
686 2281 856 2368 έναίσιμον
878 2281 936 2351 οὐκ
957 2283 1105 2374 ἐνόησεν·

187 2386 296 2478 τόφρα
316 2388 378 2476 τὰρ
401 2380 458 2454 σύν
479 2383 592 2472 βίοτόν
613 2411 648 2453 τε
669 2387 742 2455 τεδν
762 2386 820 2453 καίΙ
842 2383 984 2475 κτήματ’
1006 2383 1152 2467 ἔδονται,

189 2485 278 2580 ύφρα
299 2514 337 2557 κε
357 2487 445 2579 κείνη
466 2490 582 2555 τσῖτσν
604 2483 660 2578 έχη
682 2485 758 2555 νόον
780 2485 817 2554 ὃν
837 2487 912 2555 τινά
932 2512 988 2555 τοι
1009 2489 1064 2554 νῖν

137 2619 175 2660 ιιι
189 2591 223 2659 ἐν
245 2588 407 2680 στήθεσσι
428 2594 557 2657 τιθεῖσι
579 2587 667 2656 θεοί.
711 2587 798 2672 μέτα
819 2589 878 2672 μέν
900 2588 994 2669 κλέος
1016 2585 1097 2680 αύτῇ

188 2686 322 2774 ποιεῖτ’,
346 2689 448 2779 αύτάρ
470 2688 526 2758 σοί
545 2715 583 2757 τε
605 2691 720 2778 ποθήν
741 2689 862 2770 πολέος
882 2691 1021 2776 βιότοιο.

187 2789 282 2882 ἡμεῖς
304 2790 336 2860 δ’
360 2788 429 2860 σῖτ’
451 2791 511 2860 ἐπὶ
531 2793 631 2881 τέρτα
652 2791 761 2881 πάρσς
781 2788 813 2858 τ’
836 2789 910 2877 ῖμεν
933 2789 1008 2860 ούτε
1028 2818 1076 2884 πη
1099 2788 1181 2884 ἀλλη

189 2891 269 2980 πρίν
288 2889 322 2960 τ’
346 2890 444 2983 αύτήν
463 2891 642 2983 τήμασθαι
665 2890 808 2976 Ἀχαιῶν
830 2886 857 2984 ᾧ
879 2891 911 2960 κ’
932 2891 1117 2985 έθέλησιν.”

230 2996 288 3062 τὸν
310 2991 342 3061 δ’
365 2989 406 3061 αύ
433 2995 623 3084 Τηλέμαχος
643 2995 852 3081 πεπνυμένος
873 2993 983 3064 ἀντίον
1004 2993 1091 3086 ηύδα

137 3093 356 3178 ιυο“Ἀντίνο’,
380 3093 418 3164 o'v'
439 3122 512 3176 πῶς
534 3094 606 3165 έστι
629 3097 740 3182 δόμων
762 3094 945 3166 ἀτέκσυσαν
967 3095 1106 3168 ἀπῶσαι

188 3197 211 3290 ή
230 3196 268 3285 μ’
290 3194 383 3282 ἔτεχ’,
406 3197 428 3288 ή
448 3195 486 3284 μ’
508 3194 647 3289 ἔθρεψε·
670 3201 780 3289 πατήρ
804 3197 835 3267 δ’
858 3200 938 3287 ἐμὸς
960 3198 1081 3270 ἀλλοθι
1104 3201 1214 3293 ταίης,

190 3298 264 3382 ζῶει
289 3297 361 3367 ὅτ’
383 3294 404 3390 ή
425 3298 580 3390 τέθνηκε·
603 3302 704 3368 κακδν
726 3303 765 3369 δέ
785 3327 827 3386 με
850 3299 948 3369 πόλλ’
973 3299 1144 3372 ἀποτίνειν

188 3400 351 3492 Ρικαρίῳ,
376 3399 410 3470 εί
428 3398 460 3468 κ’
485 3399 583 3482 αὐτὸς
604 3402 687 3470 ἐτῶν
709 3399 780 3471 ἀπὸ
800 3404 925 3494 μητέρα
947 3403 1084 3497 πέμψω.

188 3504 225 3574 ἐκ
245 3505 308 3594 τὰρ
329 3506 388 3572 τοῦ
409 3505 537 3595 πατρὸς
557 3506 643 3571 κακά
665 3503 840 3591 πείσομαι,
864 3501 947 3573 ἀλλα
970 3509 1007 3576 δέ
1027 3508 1155 3593 δαίμων

135 3634 174 3676 τοι
189 3606 305 3687 δῶσει,
329 3605 406 3674 ἐπεὶ
427 3607 534 3697 μήτηρ
557 3608 714 3694 στυτεράς
736 3604 867 3696 ἀρήσετ’
891 3608 997 3698 ἐρινῦς

187 3706 302 3778 τοίκον
325 3704 543 3798 ἀπερχομένη·
567 3708 698 3793 νέμεσις
720 3709 757 3777 δέ
776 3734 837 3793 μοι
858 3709 895 3791 ἐξ
916 3706 1106 3798 ἀνθρώπιον

189 3808 331 3878 ἔσσεται.
376 3803 421 3892 ῶς
443 3808 480 3878 ού
503 3811 618 3878 τοῦτον
640 3809 705 3877 έτιύ
727 3834 811 3878 ποτε
830 3817 942 3896 μῦθον
963 3810 1078 3899 ἐνίψω.

188 3909 342 3999 ὑμέτερος
365 3910 396 3978 δ’
418 3909 448 3980 εί
469 3912 530 3997 μὲν
551 3913 661 3998 θυμὸς
682 3910 885 3997 νεμεσίζεται
909 3910 1026 3996 αὐτῶν,

190 4010 278 4094 ἔξιτέ
298 4038 357 4097 μοι
380 4014 546 4102 μετάριον,
570 4011 670 4095 ἀλλας
693 4012 725 4081 δ’
750 4011 919 4083 ἀλετύνετε
941 4018 1058 4097 δαῖτας

137 4139 176 4179 ιιι
190 4114 257 4201 ύμά
279 4111 418 4204 κτήματ’
441 4113 580 4196 ἔδοντες,
604 4113 818 4202 ἀμειβόμενοι
840 4118 924 4183 κατά
944 4114 1086 4198 τοίκους.

189 4214 219 4284 εῖ
242 4213 273 4283 δ’
297 4214 375 4301 ύμιν
397 4216 506 4285 δοκέει
527 4217 608 4285 τόδε
629 4215 783 4307 λωίτερον
804 4217 863 4284 καὶ
885 4213 1019 4302 ἀμεινον

190 4316 340 4404 ἔμμεναι,
365 4315 481 4406 ἀνδρὸς
504 4316 576 4400 ἓνδς
596 4316 711 4405 βίοτον
732 4319 889 4410 νήποινον
911 4316 1071 4402 ὀλέσθαι,

188 4418 322 4510 κείρετ’·
345 4420 409 4488 &aa
432 4421 469 4488 δέ
492 4423 593 4502 θεούς
615 4420 830 4508 ἐπιβώσομαι
854 4419 924 4490 αἰέν
945 4420 1072 4506 ἐόντας,
