<?xml version="1.0" encoding="UTF-8"?>
<!DOCTYPE html PUBLIC "-//W3C//DTD XHTML 1.0 Transitional//EN"
    "http://www.w3.org/TR/xhtml1/DTD/xhtml1-transitional.dtd">
<html xmlns="http://www.w3.org/1999/xhtml" xml:lang="en" lang="en">
 <head>
  <title>
</title>
<meta http-equiv="Content-Type" content="text/html;charset=utf-8" />
  <meta name='ocr-system' content='tesseract 3.04.00' />
  <meta name='ocr-capabilities' content='ocr_page ocr_carea ocr_par ocr_line ocrx_word'/>
</head>
<body>
  <div class='ocr_page' id='page_1' title='image "./carminahomerica01homegoog_0168.png"; bbox 0 0 2858 5026; ppageno 0'>
   <div class='ocr_carea' id='block_1_1' title="bbox 557 252 931 335">
    <p class='ocr_par' dir='ltr' id='par_1_1' title="bbox 557 252 931 335">
     <span class='ocr_line' id='line_1_1' title="bbox 557 252 931 335; baseline 0.011 -34"><span class='ocrx_word' id='word_1_1' title='bbox 557 255 597 302; x_wconf 77' lang='lat'><strong><em>12.</em></strong></span> <span class='ocrx_word' id='word_1_2' title='bbox 620 252 884 335; x_wconf 60' lang='lat' dir='ltr'><strong><em>mmmm</em></strong></span> <span class='ocrx_word' id='word_1_3' title='bbox 903 254 931 304; x_wconf 86' lang='grc' dir='ltr'><strong>Μ</strong></span> 
     </span>
    </p>
   </div>
   <div class='ocr_carea' id='block_1_2' title="bbox 135 400 1209 4246">
    <p class='ocr_par' dir='ltr' id='par_1_2' title="bbox 135 400 1209 4246">
     <span class='ocr_line' id='line_1_2' title="bbox 193 400 1113 497; baseline 0.004 -27"><span class='ocrx_word' id='word_1_4' title='bbox 193 404 231 493; x_wconf 80' lang='grc' dir='ltr'><strong><em>δή</em></strong></span> <span class='ocrx_word' id='word_1_5' title='bbox 253 400 323 471; x_wconf 79' lang='grc' dir='ltr'><strong><em>τότ’</em></strong></span> <span class='ocrx_word' id='word_1_6' title='bbox 346 403 427 472; x_wconf 77' lang='grc' dir='ltr'><strong><em>ἐτών</em></strong></span> <span class='ocrx_word' id='word_1_7' title='bbox 450 401 511 470; x_wconf 90' lang='grc' dir='ltr'><strong><em>άνά</em></strong></span> <span class='ocrx_word' id='word_1_8' title='bbox 531 406 629 493; x_wconf 83' lang='grc' dir='ltr'><strong><em>νῆσον</em></strong></span> <span class='ocrx_word' id='word_1_9' title='bbox 652 402 847 490; x_wconf 86' lang='grc' dir='ltr'><strong><em>ἀπέστιχον,</em></strong></span> <span class='ocrx_word' id='word_1_10' title='bbox 872 404 960 497; x_wconf 80' lang='grc' dir='ltr'><strong><em>όφρα</em></strong></span> <span class='ocrx_word' id='word_1_11' title='bbox 980 412 1113 474; x_wconf 92' lang='grc' dir='ltr'><strong><em>θεοῖσιν</em></strong></span> 
     </span>
     <span class='ocr_line' id='line_1_3' title="bbox 193 503 970 597; baseline 0.004 -26"><span class='ocrx_word' id='word_1_12' title='bbox 193 503 355 594; x_wconf 76' lang='grc' dir='ltr'><em>εὐξαίμην,</em></span> <span class='ocrx_word' id='word_1_13' title='bbox 380 503 415 573; x_wconf 84' lang='grc' dir='ltr'><strong><em>εῖ</em></strong></span> <span class='ocrx_word' id='word_1_14' title='bbox 432 504 484 585; x_wconf 92' lang='grc' dir='ltr'><strong><em>τίς</em></strong></span> <span class='ocrx_word' id='word_1_15' title='bbox 504 530 565 590; x_wconf 93' lang='grc' dir='ltr'><strong><em>μοι</em></strong></span> <span class='ocrx_word' id='word_1_16' title='bbox 589 504 666 574; x_wconf 85' lang='grc' dir='ltr'><strong><em>δδδν</em></strong></span> <span class='ocrx_word' id='word_1_17' title='bbox 688 509 801 597; x_wconf 87' lang='grc' dir='ltr'><strong><em>φήνειε</em></strong></span> <span class='ocrx_word' id='word_1_18' title='bbox 824 509 970 576; x_wconf 76' lang='grc' dir='ltr'><strong><em>νέεσθαι.</em></strong></span> 
     </span>
     <span class='ocr_line' id='line_1_4' title="bbox 138 601 991 698; baseline -0.002 -21"><span class='ocrx_word' id='word_1_19' title='bbox 138 637 177 677; x_wconf 79' lang='grc' dir='ltr'><strong><em>ωε</em></strong></span> <span class='ocrx_word' id='word_1_20' title='bbox 193 601 260 672; x_wconf 75' lang='grc' dir='ltr'><strong><em>ἀλλ’</em></strong></span> <span class='ocrx_word' id='word_1_21' title='bbox 285 604 340 674; x_wconf 82' lang='grc' dir='ltr'><strong><em>ὅτε</em></strong></span> <span class='ocrx_word' id='word_1_22' title='bbox 362 607 403 695; x_wconf 86' lang='grc' dir='ltr'><strong><em>δή</em></strong></span> <span class='ocrx_word' id='word_1_23' title='bbox 429 607 486 673; x_wconf 85' lang='grc' dir='ltr'><strong><em>διὰ</em></strong></span> <span class='ocrx_word' id='word_1_24' title='bbox 507 606 606 696; x_wconf 88' lang='grc' dir='ltr'><strong><em>νήσου</em></strong></span> <span class='ocrx_word' id='word_1_25' title='bbox 630 605 687 674; x_wconf 82' lang='grc' dir='ltr'><strong><em>ἰών</em></strong></span> <span class='ocrx_word' id='word_1_26' title='bbox 708 604 810 698; x_wconf 84' lang='grc' dir='ltr'><strong><em>ήλυξα</em></strong></span> <span class='ocrx_word' id='word_1_27' title='bbox 832 606 991 696; x_wconf 77' lang='grc' dir='ltr'><strong><em>ἑταίρους,</em></strong></span> 
     </span>
     <span class='ocr_line' id='line_1_5' title="bbox 189 703 1054 800; baseline 0.006 -27"><span class='ocrx_word' id='word_1_28' title='bbox 189 712 300 795; x_wconf 88' lang='grc' dir='ltr'><strong><em>χεῖρας</em></strong></span> <span class='ocrx_word' id='word_1_29' title='bbox 319 708 511 796; x_wconf 91' lang='grc' dir='ltr'><strong><em>νιψάμενος,</em></strong></span> <span class='ocrx_word' id='word_1_30' title='bbox 536 706 595 777; x_wconf 76' lang='grc' dir='ltr'><strong><em>ὅθ’</em></strong></span> <span class='ocrx_word' id='word_1_31' title='bbox 617 709 676 777; x_wconf 82' lang='grc' dir='ltr'><strong><em>ἐπὶ</em></strong></span> <span class='ocrx_word' id='word_1_32' title='bbox 697 709 823 789; x_wconf 79' lang='grc' dir='ltr'><strong><em>σκέπας</em></strong></span> <span class='ocrx_word' id='word_1_33' title='bbox 845 703 884 800; x_wconf 85' lang='grc' dir='ltr'><strong><em>ήν</em></strong></span> <span class='ocrx_word' id='word_1_34' title='bbox 906 708 1054 795; x_wconf 79' lang='grc' dir='ltr'><em>ἀνέμοιο,</em></span> 
     </span>
     <span class='ocr_line' id='line_1_6' title="bbox 189 806 1035 900; baseline 0.002 -25"><span class='ocrx_word' id='word_1_35' title='bbox 189 806 322 900; x_wconf 81' lang='grc' dir='ltr'><em>ἠρώμην</em></span> <span class='ocrx_word' id='word_1_36' title='bbox 344 809 507 876; x_wconf 81' lang='grc' dir='ltr'><strong><em>πάντεσσι</em></strong></span> <span class='ocrx_word' id='word_1_37' title='bbox 530 816 624 889; x_wconf 88' lang='grc' dir='ltr'><strong><em>θεοῖς</em></strong></span> <span class='ocrx_word' id='word_1_38' title='bbox 647 809 682 878; x_wconf 80' lang='grc' dir='ltr'><strong><em>οἳ</em></strong></span> <span class='ocrx_word' id='word_1_39' title='bbox 696 808 868 895; x_wconf 83' lang='grc' dir='ltr'><strong><em>Ὄλυμπον</em></strong></span> <span class='ocrx_word' id='word_1_40' title='bbox 891 809 1035 895; x_wconf 73' lang='grc' dir='ltr'><strong><em>ἔχουσιν</em></strong></span> 
     </span>
     <span class='ocr_line' id='line_1_7' title="bbox 192 907 1170 1003; baseline 0.004 -25"><span class='ocrx_word' id='word_1_41' title='bbox 192 907 227 978; x_wconf 77' lang='grc' dir='ltr'><strong><em>οἳ</em></strong></span> <span class='ocrx_word' id='word_1_42' title='bbox 245 909 277 978; x_wconf 78' lang='grc' dir='ltr'><strong><em>δ’</em></strong></span> <span class='ocrx_word' id='word_1_43' title='bbox 301 909 366 1003; x_wconf 84' lang='grc' dir='ltr'><strong><em>άρα</em></strong></span> <span class='ocrx_word' id='word_1_44' title='bbox 385 937 445 996; x_wconf 90' lang='grc' dir='ltr'><strong><em>μοι</em></strong></span> <span class='ocrx_word' id='word_1_45' title='bbox 467 913 584 979; x_wconf 78' lang='grc' dir='ltr'><strong><em>τλυκδν</em></strong></span> <span class='ocrx_word' id='word_1_46' title='bbox 606 910 708 978; x_wconf 82' lang='grc' dir='ltr'><strong><em>όπνον</em></strong></span> <span class='ocrx_word' id='word_1_47' title='bbox 729 912 789 979; x_wconf 82' lang='grc' dir='ltr'><strong><em>ἐπὶ</em></strong></span> <span class='ocrx_word' id='word_1_48' title='bbox 810 912 1029 1002; x_wconf 79' lang='grc' dir='ltr'><strong><em>βλεφάροισιν</em></strong></span> <span class='ocrx_word' id='word_1_49' title='bbox 1049 910 1170 996; x_wconf 77' lang='grc' dir='ltr'><strong><em>ἔχευαν.</em></strong></span> 
     </span>
     <span class='ocr_line' id='line_1_8' title="bbox 190 1009 1045 1103; baseline 0.002 -25"><span class='ocrx_word' id='word_1_50' title='bbox 190 1009 373 1101; x_wconf 84' lang='grc' dir='ltr'><strong><em>Εάρόλοχος</em></strong></span> <span class='ocrx_word' id='word_1_51' title='bbox 395 1011 427 1080; x_wconf 79' lang='grc' dir='ltr'><strong><em>δ’</em></strong></span> <span class='ocrx_word' id='word_1_52' title='bbox 450 1011 599 1103; x_wconf 75' lang='grc' dir='ltr'><strong><em>ἑτάροισι</em></strong></span> <span class='ocrx_word' id='word_1_53' title='bbox 621 1016 723 1102; x_wconf 83' lang='grc' dir='ltr'><strong><em>κακής</em></strong></span> <span class='ocrx_word' id='word_1_54' title='bbox 744 1012 894 1103; x_wconf 80' lang='grc' dir='ltr'><strong><em>ἐξήρχετο</em></strong></span> <span class='ocrx_word' id='word_1_55' title='bbox 916 1016 1045 1103; x_wconf 80' lang='grc' dir='ltr'><strong><em>βουλῆς.</em></strong></span> 
     </span>
     <span class='ocr_line' id='line_1_9' title="bbox 136 1110 1135 1205; baseline 0 -21"><span class='ocrx_word' id='word_1_56' title='bbox 136 1110 347 1186; x_wconf 79' lang='grc' dir='ltr'><strong><em>εω“κέκλυτέ</em></strong></span> <span class='ocrx_word' id='word_1_57' title='bbox 366 1140 426 1199; x_wconf 90' lang='grc' dir='ltr'><strong><em>μευ</em></strong></span> <span class='ocrx_word' id='word_1_58' title='bbox 448 1115 579 1200; x_wconf 90' lang='grc' dir='ltr'><strong><em>μόθων,</em></strong></span> <span class='ocrx_word' id='word_1_59' title='bbox 603 1115 688 1180; x_wconf 87' lang='grc' dir='ltr'><strong><em>κακά</em></strong></span> <span class='ocrx_word' id='word_1_60' title='bbox 711 1140 774 1198; x_wconf 90' lang='grc' dir='ltr'><strong><em>περ</em></strong></span> <span class='ocrx_word' id='word_1_61' title='bbox 797 1113 979 1196; x_wconf 84' lang='grc' dir='ltr'><strong><em>πάσχοντες</em></strong></span> <span class='ocrx_word' id='word_1_62' title='bbox 1000 1112 1135 1205; x_wconf 77' lang='grc' dir='ltr'><strong><em>ἑταῖροι.</em></strong></span> 
     </span>
     <span class='ocr_line' id='line_1_10' title="bbox 191 1215 1097 1303; baseline 0.004 -23"><span class='ocrx_word' id='word_1_63' title='bbox 191 1215 311 1295; x_wconf 89' lang='grc' dir='ltr'><strong><em>πάντες</em></strong></span> <span class='ocrx_word' id='word_1_64' title='bbox 332 1215 392 1299; x_wconf 83' lang='grc' dir='ltr'><strong><em>μὲν</em></strong></span> <span class='ocrx_word' id='word_1_65' title='bbox 413 1218 562 1303; x_wconf 82' lang='grc' dir='ltr'><strong><em>στω-εροὶ</em></strong></span> <span class='ocrx_word' id='word_1_66' title='bbox 584 1215 730 1283; x_wconf 79' lang='grc' dir='ltr'><strong><em>θάνατοι</em></strong></span> <span class='ocrx_word' id='word_1_67' title='bbox 753 1218 894 1284; x_wconf 81' lang='grc' dir='ltr'><strong><em>δειλοῖσι</em></strong></span> <span class='ocrx_word' id='word_1_68' title='bbox 915 1222 1097 1303; x_wconf 90' lang='grc' dir='ltr'><strong><em>βροτοῖσιν,</em></strong></span> 
     </span>
     <span class='ocr_line' id='line_1_11' title="bbox 190 1315 1097 1406; baseline 0.001 -22"><span class='ocrx_word' id='word_1_69' title='bbox 190 1320 278 1406; x_wconf 79' lang='grc' dir='ltr'><strong><em>λιμῷ</em></strong></span> <span class='ocrx_word' id='word_1_70' title='bbox 300 1316 331 1385; x_wconf 77' lang='grc' dir='ltr'><strong><em>δ’</em></strong></span> <span class='ocrx_word' id='word_1_71' title='bbox 355 1315 522 1386; x_wconf 75' lang='grc' dir='ltr'><strong><em>σ’ίκτιστον</em></strong></span> <span class='ocrx_word' id='word_1_72' title='bbox 543 1318 679 1387; x_wconf 77' lang='grc' dir='ltr'><strong><em>θανέειν</em></strong></span> <span class='ocrx_word' id='word_1_73' title='bbox 699 1319 756 1384; x_wconf 83' lang='grc' dir='ltr'><strong><em>καὶ</em></strong></span> <span class='ocrx_word' id='word_1_74' title='bbox 779 1317 909 1403; x_wconf 90' lang='grc' dir='ltr'><strong><em>πότμον</em></strong></span> <span class='ocrx_word' id='word_1_75' title='bbox 930 1319 1097 1386; x_wconf 81' lang='grc' dir='ltr'><strong><em>ἐπισπεῖν.</em></strong></span> 
     </span>
     <span class='ocr_line' id='line_1_12' title="bbox 192 1417 1010 1508; baseline 0 -21"><span class='ocrx_word' id='word_1_76' title='bbox 192 1417 257 1487; x_wconf 75' lang='grc' dir='ltr'><strong><em>ἀλλ’</em></strong></span> <span class='ocrx_word' id='word_1_77' title='bbox 282 1417 380 1502; x_wconf 54' lang='lat' dir='ltr'><strong><em>eim}</em></strong></span> <span class='ocrx_word' id='word_1_78' title='bbox 400 1418 548 1488; x_wconf 81' lang='grc' dir='ltr'><strong><em>Ἠελίοιο</em></strong></span> <span class='ocrx_word' id='word_1_79' title='bbox 570 1422 658 1507; x_wconf 84' lang='grc' dir='ltr'><strong><em>βοοῖν</em></strong></span> <span class='ocrx_word' id='word_1_80' title='bbox 679 1419 853 1499; x_wconf 84' lang='grc' dir='ltr'><strong><em>ἐλάσαντες</em></strong></span> <span class='ocrx_word' id='word_1_81' title='bbox 874 1417 1010 1508; x_wconf 81' lang='grc' dir='ltr'><strong><em>ἀρίστας</em></strong></span> 
     </span>
     <span class='ocr_line' id='line_1_13' title="bbox 191 1517 1057 1611; baseline 0.001 -23"><span class='ocrx_word' id='word_1_82' title='bbox 191 1521 325 1610; x_wconf 79' lang='grc' dir='ltr'><strong><em>ῥέξομεν</em></strong></span> <span class='ocrx_word' id='word_1_83' title='bbox 348 1519 552 1590; x_wconf 88' lang='grc' dir='ltr'><strong><em>ἀθανάτοισι</em></strong></span> <span class='ocrx_word' id='word_1_84' title='bbox 573 1522 627 1588; x_wconf 80' lang='grc' dir='ltr'><strong><em>τοὶ</em></strong></span> <span class='ocrx_word' id='word_1_85' title='bbox 650 1517 784 1608; x_wconf 84' lang='grc' dir='ltr'><strong><em>οόρανδν</em></strong></span> <span class='ocrx_word' id='word_1_86' title='bbox 806 1519 898 1611; x_wconf 82' lang='grc' dir='ltr'><strong><em>εόρδν</em></strong></span> <span class='ocrx_word' id='word_1_87' title='bbox 920 1520 1057 1606; x_wconf 71' lang='grc' dir='ltr'><strong><em>ἔχουσιν.</em></strong></span> 
     </span>
     <span class='ocr_line' id='line_1_14' title="bbox 136 1620 1124 1715; baseline -0.004 -21"><span class='ocrx_word' id='word_1_88' title='bbox 136 1653 176 1694; x_wconf 67' lang='grc' dir='ltr'><strong><em>τοι</em></strong></span> <span class='ocrx_word' id='word_1_89' title='bbox 191 1620 221 1689; x_wconf 83' lang='grc' dir='ltr'><strong><em>εἰ</em></strong></span> <span class='ocrx_word' id='word_1_90' title='bbox 243 1622 281 1689; x_wconf 89' lang='grc' dir='ltr'><strong><em>δέ</em></strong></span> <span class='ocrx_word' id='word_1_91' title='bbox 300 1649 354 1690; x_wconf 92' lang='grc' dir='ltr'><strong><em>κεν</em></strong></span> <span class='ocrx_word' id='word_1_92' title='bbox 376 1621 423 1703; x_wconf 82' lang='grc' dir='ltr'><strong><em>εἷς</em></strong></span> <span class='ocrx_word' id='word_1_93' title='bbox 442 1623 576 1714; x_wconf 85' lang='grc' dir='ltr'><strong><em>Ἰθάκην</em></strong></span> <span class='ocrx_word' id='word_1_94' title='bbox 597 1621 823 1714; x_wconf 90' lang='grc' dir='ltr'><strong><em>ἀφικοίμεθα,</em></strong></span> <span class='ocrx_word' id='word_1_95' title='bbox 846 1623 994 1715; x_wconf 85' lang='grc' dir='ltr'><strong><em>πατρίδα</em></strong></span> <span class='ocrx_word' id='word_1_96' title='bbox 1014 1630 1124 1707; x_wconf 77' lang='grc' dir='ltr'><strong><em>ταῖαν,</em></strong></span> 
     </span>
     <span class='ocr_line' id='line_1_15' title="bbox 191 1715 907 1814; baseline 0.003 -25"><span class='ocrx_word' id='word_1_97' title='bbox 191 1715 280 1812; x_wconf 80' lang='grc' dir='ltr'><strong><em>αἶψά</em></strong></span> <span class='ocrx_word' id='word_1_98' title='bbox 303 1748 356 1790; x_wconf 92' lang='grc' dir='ltr'><strong><em>κεν</em></strong></span> <span class='ocrx_word' id='word_1_99' title='bbox 375 1721 497 1814; x_wconf 85' lang='grc' dir='ltr'><strong><em>Ἠελίῳ</em></strong></span> <span class='ocrx_word' id='word_1_100' title='bbox 515 1722 684 1812; x_wconf 83' lang='grc' dir='ltr'><strong><em>Ὑπερίονι</em></strong></span> <span class='ocrx_word' id='word_1_101' title='bbox 706 1721 809 1791; x_wconf 91' lang='grc' dir='ltr'><strong><em>πίονα</em></strong></span> <span class='ocrx_word' id='word_1_102' title='bbox 830 1725 907 1812; x_wconf 91' lang='grc' dir='ltr'><strong><em>νηόν</em></strong></span> 
     </span>
     <span class='ocr_line' id='line_1_16' title="bbox 189 1821 1209 1910; baseline 0.003 -19"><span class='ocrx_word' id='word_1_103' title='bbox 189 1825 355 1910; x_wconf 84' lang='grc' dir='ltr'><strong><em>τεύξομεν,</em></strong></span> <span class='ocrx_word' id='word_1_104' title='bbox 377 1825 411 1892; x_wconf 89' lang='grc' dir='ltr'><strong><em>ἐν</em></strong></span> <span class='ocrx_word' id='word_1_105' title='bbox 433 1826 471 1893; x_wconf 89' lang='grc' dir='ltr'><strong><em>δέ</em></strong></span> <span class='ocrx_word' id='word_1_106' title='bbox 493 1850 531 1892; x_wconf 90' lang='grc' dir='ltr'><strong><em>κε</em></strong></span> <span class='ocrx_word' id='word_1_107' title='bbox 551 1831 668 1909; x_wconf 91' lang='grc' dir='ltr'><strong><em>θεῖμεν</em></strong></span> <span class='ocrx_word' id='word_1_108' title='bbox 690 1821 863 1908; x_wconf 83' lang='grc' dir='ltr'><strong><em>άτάλματα</em></strong></span> <span class='ocrx_word' id='word_1_109' title='bbox 885 1827 992 1891; x_wconf 76' lang='grc' dir='ltr'><strong><em>πολλοὶ</em></strong></span> <span class='ocrx_word' id='word_1_110' title='bbox 1012 1827 1071 1894; x_wconf 84' lang='grc' dir='ltr'><strong><em>καὶ</em></strong></span> <span class='ocrx_word' id='word_1_111' title='bbox 1092 1826 1209 1895; x_wconf 91' lang='grc' dir='ltr'><strong><em>ἐσθλά.</em></strong></span> 
     </span>
     <span class='ocr_line' id='line_1_17' title="bbox 190 1921 968 2014; baseline -0.004 -21"><span class='ocrx_word' id='word_1_112' title='bbox 190 1923 221 1992; x_wconf 85' lang='grc' dir='ltr'><strong><em>εῖ</em></strong></span> <span class='ocrx_word' id='word_1_113' title='bbox 242 1927 279 1993; x_wconf 81' lang='grc' dir='ltr'><strong><em>δέ</em></strong></span> <span class='ocrx_word' id='word_1_114' title='bbox 299 1925 528 2010; x_wconf 88' lang='grc' dir='ltr'><strong><em>χολωσάμενός</em></strong></span> <span class='ocrx_word' id='word_1_115' title='bbox 548 1952 582 1992; x_wconf 90' lang='grc' dir='ltr'><strong><em>τι</em></strong></span> <span class='ocrx_word' id='word_1_116' title='bbox 604 1927 691 2011; x_wconf 88' lang='grc' dir='ltr'><strong><em>βοών</em></strong></span> <span class='ocrx_word' id='word_1_117' title='bbox 713 1921 968 2014; x_wconf 82' lang='grc' dir='ltr'><strong><em>ὀρθοκραιράων</em></strong></span> 
     </span>
     <span class='ocr_line' id='line_1_18' title="bbox 188 2023 1065 2118; baseline 0.001 -24"><span class='ocrx_word' id='word_1_118' title='bbox 188 2023 239 2116; x_wconf 76' lang='grc' dir='ltr'><strong><em>νῆ’</em></strong></span> <span class='ocrx_word' id='word_1_119' title='bbox 261 2026 362 2118; x_wconf 85' lang='grc' dir='ltr'><strong><em>ἐθέλη</em></strong></span> <span class='ocrx_word' id='word_1_120' title='bbox 388 2024 517 2109; x_wconf 89' lang='grc' dir='ltr'><strong><em>ὀλέσαι,</em></strong></span> <span class='ocrx_word' id='word_1_121' title='bbox 540 2027 600 2094; x_wconf 81' lang='grc' dir='ltr'><strong><em>ἐπὶ</em></strong></span> <span class='ocrx_word' id='word_1_122' title='bbox 623 2027 660 2093; x_wconf 83' lang='grc' dir='ltr'><strong><em>δὲ</em></strong></span> <span class='ocrx_word' id='word_1_123' title='bbox 682 2028 834 2092; x_wconf 85' lang='grc' dir='ltr'><strong><em>σπῶνται</em></strong></span> <span class='ocrx_word' id='word_1_124' title='bbox 855 2027 934 2093; x_wconf 85' lang='grc' dir='ltr'><strong><em>θεοὶ</em></strong></span> <span class='ocrx_word' id='word_1_125' title='bbox 956 2023 1065 2110; x_wconf 81' lang='grc' dir='ltr'><strong><em>άλλοι,</em></strong></span> 
     </span>
     <span class='ocr_line' id='line_1_19' title="bbox 136 2124 1166 2216; baseline -0.001 -19"><span class='ocrx_word' id='word_1_126' title='bbox 136 2157 176 2198; x_wconf 84' lang='grc' dir='ltr'><strong><em>ιω</em></strong></span> <span class='ocrx_word' id='word_1_127' title='bbox 189 2125 327 2213; x_wconf 79' lang='grc' dir='ltr'><strong><em>βούλομ’</em></strong></span> <span class='ocrx_word' id='word_1_128' title='bbox 351 2126 445 2210; x_wconf 84' lang='grc' dir='ltr'><strong><em>άπαξ</em></strong></span> <span class='ocrx_word' id='word_1_129' title='bbox 464 2129 550 2216; x_wconf 85' lang='grc' dir='ltr'><strong><em>πρὸς</em></strong></span> <span class='ocrx_word' id='word_1_130' title='bbox 572 2135 659 2211; x_wconf 84' lang='grc' dir='ltr'><strong><em>κῦμα</em></strong></span> <span class='ocrx_word' id='word_1_131' title='bbox 679 2127 784 2210; x_wconf 89' lang='grc' dir='ltr'><strong><em>χανών</em></strong></span> <span class='ocrx_word' id='word_1_132' title='bbox 806 2124 876 2193; x_wconf 87' lang='grc' dir='ltr'><strong><em>ἀπδ</em></strong></span> <span class='ocrx_word' id='word_1_133' title='bbox 898 2128 1007 2212; x_wconf 85' lang='grc' dir='ltr'><strong><em>θυμόν</em></strong></span> <span class='ocrx_word' id='word_1_134' title='bbox 1029 2126 1166 2198; x_wconf 86' lang='grc' dir='ltr'><strong><em>ὀλέσσαι</em></strong></span> 
     </span>
     <span class='ocr_line' id='line_1_20' title="bbox 188 2225 970 2320; baseline -0.003 -23"><span class='ocrx_word' id='word_1_135' title='bbox 188 2225 211 2320; x_wconf 76' lang='grc' dir='ltr'>ἢ</span> <span class='ocrx_word' id='word_1_136' title='bbox 233 2231 325 2320; x_wconf 83' lang='grc' dir='ltr'><strong><em>δηθά</em></strong></span> <span class='ocrx_word' id='word_1_137' title='bbox 346 2231 567 2320; x_wconf 77' lang='grc' dir='ltr'><strong><em>στρεότεσθαι</em></strong></span> <span class='ocrx_word' id='word_1_138' title='bbox 590 2229 651 2296; x_wconf 88' lang='grc' dir='ltr'><strong><em>ἐών</em></strong></span> <span class='ocrx_word' id='word_1_139' title='bbox 673 2229 707 2296; x_wconf 86' lang='grc' dir='ltr'><strong><em>ἐν</em></strong></span> <span class='ocrx_word' id='word_1_140' title='bbox 727 2227 816 2318; x_wconf 85' lang='grc' dir='ltr'><strong><em>νήσῳ</em></strong></span> <span class='ocrx_word' id='word_1_141' title='bbox 839 2227 970 2320; x_wconf 84' lang='grc' dir='ltr'><strong><em>ἐρήμη.”</em></strong></span> 
     </span>
     <span class='ocr_line' id='line_1_21' title="bbox 231 2324 1144 2422; baseline 0 -25"><span class='ocrx_word' id='word_1_142' title='bbox 231 2324 276 2412; x_wconf 84' lang='grc' dir='ltr'><strong><em>ώς</em></strong></span> <span class='ocrx_word' id='word_1_143' title='bbox 298 2329 397 2422; x_wconf 75' lang='grc' dir='ltr'><strong><em>ἔφατ’</em></strong></span> <span class='ocrx_word' id='word_1_144' title='bbox 420 2329 616 2421; x_wconf 85' lang='grc' dir='ltr'><strong><em>Εάρόλοχος,</em></strong></span> <span class='ocrx_word' id='word_1_145' title='bbox 640 2330 700 2397; x_wconf 84' lang='grc' dir='ltr'><strong><em>ἐπὶ</em></strong></span> <span class='ocrx_word' id='word_1_146' title='bbox 722 2327 754 2396; x_wconf 63' lang='grc' dir='ltr'><strong><em>δ)</em></strong></span> <span class='ocrx_word' id='word_1_147' title='bbox 776 2327 870 2419; x_wconf 81' lang='grc' dir='ltr'><strong><em>ιήνεον</em></strong></span> <span class='ocrx_word' id='word_1_148' title='bbox 893 2328 987 2397; x_wconf 84' lang='grc' dir='ltr'><strong><em>άλλοι</em></strong></span> <span class='ocrx_word' id='word_1_149' title='bbox 1009 2328 1144 2420; x_wconf 74' lang='grc' dir='ltr'><strong><em>ἑταῖροι.</em></strong></span> 
     </span>
     <span class='ocr_line' id='line_1_22' title="bbox 189 2429 995 2522; baseline -0.002 -22"><span class='ocrx_word' id='word_1_150' title='bbox 189 2429 308 2500; x_wconf 84' lang='grc' dir='ltr'><strong><em>αάτίκα</em></strong></span> <span class='ocrx_word' id='word_1_151' title='bbox 331 2430 365 2500; x_wconf 82' lang='grc' dir='ltr'><strong><em>δ’</em></strong></span> <span class='ocrx_word' id='word_1_152' title='bbox 385 2430 530 2501; x_wconf 84' lang='grc' dir='ltr'><strong><em>Ἠελίοιο</em></strong></span> <span class='ocrx_word' id='word_1_153' title='bbox 552 2433 642 2519; x_wconf 86' lang='grc' dir='ltr'><strong><em>βοοῖν</em></strong></span> <span class='ocrx_word' id='word_1_154' title='bbox 662 2431 836 2511; x_wconf 78' lang='grc' dir='ltr'><strong><em>ἐλάσαντες</em></strong></span> <span class='ocrx_word' id='word_1_155' title='bbox 858 2429 995 2522; x_wconf 87' lang='grc' dir='ltr'><strong><em>ἀρίστας</em></strong></span> 
     </span>
     <span class='ocr_line' id='line_1_23' title="bbox 189 2534 953 2624; baseline -0.003 -21"><span class='ocrx_word' id='word_1_156' title='bbox 189 2534 327 2603; x_wconf 73' lang='grc' dir='ltr'><strong><em>ἐτι-όθεν</em></strong></span> <span class='ocrx_word' id='word_1_157' title='bbox 350 2534 406 2620; x_wconf 85' lang='grc' dir='ltr'><strong><em>(οά</em></strong></span> <span class='ocrx_word' id='word_1_158' title='bbox 426 2537 489 2624; x_wconf 74' lang='grc' dir='ltr'><strong><em>τάρ</em></strong></span> <span class='ocrx_word' id='word_1_159' title='bbox 510 2537 588 2624; x_wconf 82' lang='grc' dir='ltr'><strong><em>τῆλε</em></strong></span> <span class='ocrx_word' id='word_1_160' title='bbox 608 2535 681 2614; x_wconf 91' lang='grc' dir='ltr'><strong><em>νεδς</em></strong></span> <span class='ocrx_word' id='word_1_161' title='bbox 701 2534 953 2623; x_wconf 80' lang='grc' dir='ltr'><strong><em>κυανοπρώροιο</em></strong></span> 
     </span>
     <span class='ocr_line' id='line_1_24' title="bbox 135 2633 1020 2722; baseline -0.003 -16"><span class='ocrx_word' id='word_1_162' title='bbox 135 2664 175 2706; x_wconf 76' lang='grc' dir='ltr'><strong><em>εστ</em></strong></span> <span class='ocrx_word' id='word_1_163' title='bbox 211 2633 410 2705; x_wconf 77' lang='grc' dir='ltr'><strong><em>οσκέσκονθ’</em></strong></span> <span class='ocrx_word' id='word_1_164' title='bbox 432 2636 540 2716; x_wconf 80' lang='grc' dir='ltr'><strong><em>ἐλικες</em></strong></span> <span class='ocrx_word' id='word_1_165' title='bbox 560 2636 659 2703; x_wconf 81' lang='grc' dir='ltr'><strong><em>καλαί</em></strong></span> <span class='ocrx_word' id='word_1_166' title='bbox 681 2636 759 2720; x_wconf 92' lang='grc' dir='ltr'><strong><em>βόες</em></strong></span> <span class='ocrx_word' id='word_1_167' title='bbox 779 2635 1020 2722; x_wconf 75' lang='grc' dir='ltr'><strong><em>εὐρυμέτωποι)</em></strong></span> 
     </span>
     <span class='ocr_line' id='line_1_25' title="bbox 190 2734 1054 2828; baseline -0.002 -22"><span class='ocrx_word' id='word_1_168' title='bbox 190 2740 250 2819; x_wconf 82' lang='grc' dir='ltr'><strong><em>τὰς</em></strong></span> <span class='ocrx_word' id='word_1_169' title='bbox 272 2740 308 2806; x_wconf 82' lang='grc' dir='ltr'><strong><em>δὲ</em></strong></span> <span class='ocrx_word' id='word_1_170' title='bbox 330 2737 533 2828; x_wconf 89' lang='grc' dir='ltr'><strong><em>περίστησάν</em></strong></span> <span class='ocrx_word' id='word_1_171' title='bbox 553 2763 589 2805; x_wconf 86' lang='grc' dir='ltr'><strong><em>τε</em></strong></span> <span class='ocrx_word' id='word_1_172' title='bbox 610 2739 668 2803; x_wconf 81' lang='grc' dir='ltr'><strong><em>καὶ</em></strong></span> <span class='ocrx_word' id='word_1_173' title='bbox 690 2734 888 2820; x_wconf 76' lang='grc' dir='ltr'><strong><em>εὐχετόωντο</em></strong></span> <span class='ocrx_word' id='word_1_174' title='bbox 909 2744 1054 2819; x_wconf 91' lang='grc' dir='ltr'><strong><em>θεοῖσιν,</em></strong></span> 
     </span>
     <span class='ocr_line' id='line_1_26' title="bbox 189 2837 1000 2930; baseline 0 -24"><span class='ocrx_word' id='word_1_175' title='bbox 189 2840 297 2930; x_wconf 80' lang='grc' dir='ltr'><strong><em>φύλλα</em></strong></span> <span class='ocrx_word' id='word_1_176' title='bbox 320 2841 524 2930; x_wconf 82' lang='grc' dir='ltr'><strong><em>δρεψάμενοι</em></strong></span> <span class='ocrx_word' id='word_1_177' title='bbox 546 2838 659 2928; x_wconf 86' lang='grc' dir='ltr'><strong><em>τέρενα</em></strong></span> <span class='ocrx_word' id='word_1_178' title='bbox 681 2839 779 2927; x_wconf 87' lang='grc' dir='ltr'><strong><em>δρυδς</em></strong></span> <span class='ocrx_word' id='word_1_179' title='bbox 799 2837 1000 2924; x_wconf 80' lang='grc' dir='ltr'><strong><em>ὑψικόμοιο·</em></strong></span> 
     </span>
     <span class='ocr_line' id='line_1_27' title="bbox 189 2938 1000 3030; baseline -0.004 -22"><span class='ocrx_word' id='word_1_180' title='bbox 189 2938 227 3008; x_wconf 78' lang='grc' dir='ltr'><strong><em>ου’</em></strong></span> <span class='ocrx_word' id='word_1_181' title='bbox 248 2941 311 3030; x_wconf 78' lang='grc' dir='ltr'><strong><em>τδρ</em></strong></span> <span class='ocrx_word' id='word_1_182' title='bbox 332 2938 406 3025; x_wconf 82' lang='grc' dir='ltr'><strong><em>έχον</em></strong></span> <span class='ocrx_word' id='word_1_183' title='bbox 426 2946 480 3029; x_wconf 90' lang='grc' dir='ltr'><strong><em>κρῖ</em></strong></span> <span class='ocrx_word' id='word_1_184' title='bbox 500 2942 614 3008; x_wconf 89' lang='grc' dir='ltr'><strong><em>λευκδν</em></strong></span> <span class='ocrx_word' id='word_1_185' title='bbox 635 2940 811 3025; x_wconf 81' lang='grc' dir='ltr'><strong><em>ἐυσσέλμου</em></strong></span> <span class='ocrx_word' id='word_1_186' title='bbox 834 2940 894 3007; x_wconf 78' lang='grc' dir='ltr'><strong><em>ἐπὶ</em></strong></span> <span class='ocrx_word' id='word_1_187' title='bbox 915 2939 1000 3030; x_wconf 89' lang='grc' dir='ltr'><strong><em>νηός.</em></strong></span> 
     </span>
     <span class='ocr_line' id='line_1_28' title="bbox 188 3039 1113 3131; baseline -0.003 -21"><span class='ocrx_word' id='word_1_188' title='bbox 188 3040 291 3131; x_wconf 78' lang='grc' dir='ltr'><strong><em>αὐτάρ</em></strong></span> <span class='ocrx_word' id='word_1_189' title='bbox 314 3041 391 3110; x_wconf 88' lang='grc' dir='ltr'><strong><em>ἐπεί</em></strong></span> <span class='ocrx_word' id='word_1_190' title='bbox 413 3039 445 3129; x_wconf 80' lang='grc' dir='ltr'><strong><em>ῥ’</em></strong></span> <span class='ocrx_word' id='word_1_191' title='bbox 468 3039 618 3124; x_wconf 77' lang='grc' dir='ltr'><strong><em>εόξαντο,</em></strong></span> <span class='ocrx_word' id='word_1_192' title='bbox 641 3042 699 3109; x_wconf 85' lang='grc' dir='ltr'><strong><em>καὶ</em></strong></span> <span class='ocrx_word' id='word_1_193' title='bbox 722 3039 870 3131; x_wconf 81' lang='grc' dir='ltr'><strong><em>ἔσφαξαν</em></strong></span> <span class='ocrx_word' id='word_1_194' title='bbox 891 3043 948 3108; x_wconf 87' lang='grc' dir='ltr'><strong><em>καὶ</em></strong></span> <span class='ocrx_word' id='word_1_195' title='bbox 971 3039 1113 3127; x_wconf 83' lang='grc' dir='ltr'><strong><em>έδειραν,</em></strong></span> 
     </span>
     <span class='ocr_line' id='line_1_29' title="bbox 135 3141 1014 3234; baseline -0.009 -18"><span class='ocrx_word' id='word_1_196' title='bbox 135 3178 176 3218; x_wconf 83' lang='grc' dir='ltr'><strong><em>εω</em></strong></span> <span class='ocrx_word' id='word_1_197' title='bbox 190 3145 313 3234; x_wconf 91' lang='grc' dir='ltr'><strong><em>μηροός</em></strong></span> <span class='ocrx_word' id='word_1_198' title='bbox 333 3141 366 3210; x_wconf 82' lang='grc' dir='ltr'><strong><em>τ’</em></strong></span> <span class='ocrx_word' id='word_1_199' title='bbox 388 3142 544 3228; x_wconf 78' lang='grc' dir='ltr'><strong><em>ἐξέταμον</em></strong></span> <span class='ocrx_word' id='word_1_200' title='bbox 565 3143 650 3210; x_wconf 92' lang='grc' dir='ltr'><strong><em>κατά</em></strong></span> <span class='ocrx_word' id='word_1_201' title='bbox 670 3169 707 3211; x_wconf 86' lang='grc' dir='ltr'><strong><em>τε</em></strong></span> <span class='ocrx_word' id='word_1_202' title='bbox 728 3142 821 3232; x_wconf 82' lang='grc' dir='ltr'><strong><em>κνίσῃ</em></strong></span> <span class='ocrx_word' id='word_1_203' title='bbox 845 3143 1014 3231; x_wconf 81' lang='grc' dir='ltr'><strong><em>ἐκάλυψαν</em></strong></span> 
     </span>
     <span class='ocr_line' id='line_1_30' title="bbox 190 3241 1080 3336; baseline -0.002 -22"><span class='ocrx_word' id='word_1_204' title='bbox 190 3245 334 3329; x_wconf 87' lang='grc' dir='ltr'><strong><em>δίπτυχα</em></strong></span> <span class='ocrx_word' id='word_1_205' title='bbox 355 3246 566 3336; x_wconf 85' lang='grc' dir='ltr'><strong><em>ποιήσαντες,</em></strong></span> <span class='ocrx_word' id='word_1_206' title='bbox 590 3243 648 3314; x_wconf 79' lang='grc' dir='ltr'><strong><em>ἐπ’</em></strong></span> <span class='ocrx_word' id='word_1_207' title='bbox 671 3243 777 3313; x_wconf 85' lang='grc' dir='ltr'><strong><em>αάτῶν</em></strong></span> <span class='ocrx_word' id='word_1_208' title='bbox 799 3242 830 3312; x_wconf 79' lang='grc' dir='ltr'><strong><em>δ’</em></strong></span> <span class='ocrx_word' id='word_1_209' title='bbox 854 3241 1080 3334; x_wconf 79' lang='grc' dir='ltr'><strong><em>ω’μοθέτησαν.</em></strong></span> 
     </span>
     <span class='ocr_line' id='line_1_31' title="bbox 190 3341 1094 3438; baseline -0.003 -22"><span class='ocrx_word' id='word_1_210' title='bbox 190 3345 264 3416; x_wconf 75' lang='grc' dir='ltr'><strong><em>οόδ’</em></strong></span> <span class='ocrx_word' id='word_1_211' title='bbox 287 3341 375 3430; x_wconf 83' lang='grc' dir='ltr'><strong><em>εἶχον</em></strong></span> <span class='ocrx_word' id='word_1_212' title='bbox 395 3349 485 3434; x_wconf 86' lang='grc' dir='ltr'><strong><em>μέθυ</em></strong></span> <span class='ocrx_word' id='word_1_213' title='bbox 506 3351 626 3438; x_wconf 86' lang='grc' dir='ltr'><strong><em>λεῖψαι</em></strong></span> <span class='ocrx_word' id='word_1_214' title='bbox 648 3345 707 3416; x_wconf 76' lang='grc' dir='ltr'><strong><em>ἐπ’</em></strong></span> <span class='ocrx_word' id='word_1_215' title='bbox 729 3347 925 3432; x_wconf 80' lang='grc' dir='ltr'><strong><em>αἰθομένοις</em></strong></span> <span class='ocrx_word' id='word_1_216' title='bbox 946 3344 1094 3434; x_wconf 74' lang='grc' dir='ltr'><strong><em>ἱεροῖσιν,</em></strong></span> 
     </span>
     <span class='ocr_line' id='line_1_32' title="bbox 190 3446 1066 3531; baseline -0.003 -14"><span class='ocrx_word' id='word_1_217' title='bbox 190 3447 257 3517; x_wconf 77' lang='grc' dir='ltr'><strong><em>ἀλλ’</em></strong></span> <span class='ocrx_word' id='word_1_218' title='bbox 278 3450 378 3518; x_wconf 81' lang='grc' dir='ltr'><strong><em>όδατι</em></strong></span> <span class='ocrx_word' id='word_1_219' title='bbox 401 3451 596 3531; x_wconf 90' lang='grc' dir='ltr'><strong><em>σπένδοντες</em></strong></span> <span class='ocrx_word' id='word_1_220' title='bbox 617 3449 785 3518; x_wconf 81' lang='grc' dir='ltr'><strong><em>ἐπώπτων</em></strong></span> <span class='ocrx_word' id='word_1_221' title='bbox 806 3446 927 3515; x_wconf 81' lang='grc' dir='ltr'><strong><em>έικατα</em></strong></span> <span class='ocrx_word' id='word_1_222' title='bbox 949 3449 1066 3515; x_wconf 89' lang='grc' dir='ltr'><strong><em>πάντα.</em></strong></span> 
     </span>
     <span class='ocr_line' id='line_1_33' title="bbox 192 3548 1148 3640; baseline -0.001 -22"><span class='ocrx_word' id='word_1_223' title='bbox 192 3548 294 3639; x_wconf 78' lang='grc' dir='ltr'><strong><em>αὐτὰρ</em></strong></span> <span class='ocrx_word' id='word_1_224' title='bbox 317 3551 393 3619; x_wconf 86' lang='grc' dir='ltr'><strong><em>ἐπεὶ</em></strong></span> <span class='ocrx_word' id='word_1_225' title='bbox 414 3552 500 3618; x_wconf 85' lang='grc' dir='ltr'><strong><em>κατά</em></strong></span> <span class='ocrx_word' id='word_1_226' title='bbox 520 3554 608 3640; x_wconf 83' lang='grc' dir='ltr'><strong><em>μῆρα</em></strong></span> <span class='ocrx_word' id='word_1_227' title='bbox 629 3551 692 3640; x_wconf 92' lang='grc' dir='ltr'><strong><em>κάη</em></strong></span> <span class='ocrx_word' id='word_1_228' title='bbox 715 3551 772 3617; x_wconf 85' lang='grc' dir='ltr'><strong><em>καί</em></strong></span> <span class='ocrx_word' id='word_1_229' title='bbox 795 3549 966 3631; x_wconf 82' lang='grc' dir='ltr'><strong><em>σπλάτχνα</em></strong></span> <span class='ocrx_word' id='word_1_230' title='bbox 987 3550 1148 3628; x_wconf 91' lang='grc' dir='ltr'><strong><em>πάσαντο,</em></strong></span> 
     </span>
     <span class='ocr_line' id='line_1_34' title="bbox 140 3645 1170 3743; baseline -0.008 -21"><span class='ocrx_word' id='word_1_231' title='bbox 140 3681 180 3723; x_wconf 79' lang='grc' dir='ltr'><strong><em>ωε</em></strong></span> <span class='ocrx_word' id='word_1_232' title='bbox 192 3651 367 3737; x_wconf 84' lang='grc' dir='ltr'><strong><em>μίστυλλόν</em></strong></span> <span class='ocrx_word' id='word_1_233' title='bbox 386 3650 417 3720; x_wconf 76' lang='grc' dir='ltr'><strong><em>τ’</em></strong></span> <span class='ocrx_word' id='word_1_234' title='bbox 441 3649 505 3743; x_wconf 83' lang='grc' dir='ltr'><strong><em>άρα</em></strong></span> <span class='ocrx_word' id='word_1_235' title='bbox 525 3645 630 3719; x_wconf 86' lang='grc' dir='ltr'><strong><em>τάλλα</em></strong></span> <span class='ocrx_word' id='word_1_236' title='bbox 650 3654 709 3718; x_wconf 86' lang='grc' dir='ltr'><strong><em>καὶ</em></strong></span> <span class='ocrx_word' id='word_1_237' title='bbox 731 3649 817 3740; x_wconf 62' lang='grc' dir='ltr'><strong><em>ἀμφ)</em></strong></span> <span class='ocrx_word' id='word_1_238' title='bbox 841 3649 1005 3734; x_wconf 88' lang='grc' dir='ltr'><strong><em>ὀβελοῖσιν</em></strong></span> <span class='ocrx_word' id='word_1_239' title='bbox 1025 3648 1170 3740; x_wconf 84' lang='grc' dir='ltr'><strong><em>έπειραν.</em></strong></span> 
     </span>
     <span class='ocr_line' id='line_1_35' title="bbox 235 3750 1144 3844; baseline 0 -25"><span class='ocrx_word' id='word_1_240' title='bbox 235 3754 293 3820; x_wconf 84' lang='grc' dir='ltr'><strong><em>καῖ</em></strong></span> <span class='ocrx_word' id='word_1_241' title='bbox 313 3753 388 3822; x_wconf 86' lang='grc' dir='ltr'><strong><em>τότε</em></strong></span> <span class='ocrx_word' id='word_1_242' title='bbox 408 3779 470 3840; x_wconf 91' lang='grc' dir='ltr'><strong><em>μοι</em></strong></span> <span class='ocrx_word' id='word_1_243' title='bbox 491 3754 665 3844; x_wconf 86' lang='grc' dir='ltr'><strong><em>βλεφάρων</em></strong></span> <span class='ocrx_word' id='word_1_244' title='bbox 686 3753 839 3833; x_wconf 83' lang='grc' dir='ltr'><strong><em>ἐξέσσυτο</em></strong></span> <span class='ocrx_word' id='word_1_245' title='bbox 860 3752 1006 3840; x_wconf 67' lang='grc' dir='ltr'><strong><em>νήδυμος</em></strong></span> <span class='ocrx_word' id='word_1_246' title='bbox 1027 3750 1144 3834; x_wconf 80' lang='grc' dir='ltr'><strong><em>όπνος,</em></strong></span> 
     </span>
     <span class='ocr_line' id='line_1_36' title="bbox 195 3851 1076 3946; baseline -0.001 -26"><span class='ocrx_word' id='word_1_247' title='bbox 195 3856 255 3944; x_wconf 81' lang='grc' dir='ltr'><strong><em>βῆν</em></strong></span> <span class='ocrx_word' id='word_1_248' title='bbox 298 3851 308 3878; x_wconf 88' lang='lat'><em>&#39;</em></span> <span class='ocrx_word' id='word_1_249' title='bbox 331 3853 416 3924; x_wconf 84' lang='grc' dir='ltr'><strong><em>ῖέναι</em></strong></span> <span class='ocrx_word' id='word_1_250' title='bbox 438 3856 498 3924; x_wconf 80' lang='grc' dir='ltr'><strong><em>ἐπὶ</em></strong></span> <span class='ocrx_word' id='word_1_251' title='bbox 520 3859 581 3946; x_wconf 81' lang='grc' dir='ltr'><strong><em>νῆα</em></strong></span> <span class='ocrx_word' id='word_1_252' title='bbox 603 3857 692 3944; x_wconf 84' lang='grc' dir='ltr'><strong><em>θοήν</em></strong></span> <span class='ocrx_word' id='word_1_253' title='bbox 712 3855 770 3920; x_wconf 82' lang='grc' dir='ltr'><strong><em>καὶ</em></strong></span> <span class='ocrx_word' id='word_1_254' title='bbox 792 3859 874 3921; x_wconf 90' lang='grc' dir='ltr'><strong><em>θῖνα</em></strong></span> <span class='ocrx_word' id='word_1_255' title='bbox 895 3855 1076 3942; x_wconf 84' lang='grc' dir='ltr'><strong><em>θαλάσσης.</em></strong></span> 
     </span>
     <span class='ocr_line' id='line_1_37' title="bbox 196 3951 1078 4047; baseline -0.001 -25"><span class='ocrx_word' id='word_1_256' title='bbox 196 3951 264 4022; x_wconf 75' lang='grc' dir='ltr'><strong><em>ἀλλ’</em></strong></span> <span class='ocrx_word' id='word_1_257' title='bbox 287 3953 343 4024; x_wconf 78' lang='grc' dir='ltr'><strong><em>ὅτε</em></strong></span> <span class='ocrx_word' id='word_1_258' title='bbox 364 3959 403 4047; x_wconf 86' lang='grc' dir='ltr'><strong><em>δή</em></strong></span> <span class='ocrx_word' id='word_1_259' title='bbox 427 3958 542 4040; x_wconf 85' lang='grc' dir='ltr'><strong><em>σχεδόν</em></strong></span> <span class='ocrx_word' id='word_1_260' title='bbox 561 3951 607 4046; x_wconf 78' lang='grc' dir='ltr'><strong><em>ἦα</em></strong></span> <span class='ocrx_word' id='word_1_261' title='bbox 628 3957 709 4023; x_wconf 87' lang='grc' dir='ltr'><strong><em>κιών</em></strong></span> <span class='ocrx_word' id='word_1_262' title='bbox 729 3956 801 4034; x_wconf 85' lang='grc' dir='ltr'><strong><em>νεδς</em></strong></span> <span class='ocrx_word' id='word_1_263' title='bbox 824 3951 1078 4043; x_wconf 78' lang='grc' dir='ltr'><strong><em>ἀμφιτελίσσης,</em></strong></span> 
     </span>
     <span class='ocr_line' id='line_1_38' title="bbox 196 4052 1064 4148; baseline -0.006 -24"><span class='ocrx_word' id='word_1_264' title='bbox 196 4059 254 4126; x_wconf 88' lang='grc' dir='ltr'><strong><em>καὶ</em></strong></span> <span class='ocrx_word' id='word_1_265' title='bbox 273 4058 350 4128; x_wconf 81' lang='grc' dir='ltr'><strong><em>τότε</em></strong></span> <span class='ocrx_word' id='word_1_266' title='bbox 369 4085 412 4146; x_wconf 84' lang='grc' dir='ltr'><strong><em>με</em></strong></span> <span class='ocrx_word' id='word_1_267' title='bbox 433 4057 545 4148; x_wconf 85' lang='grc' dir='ltr'><strong><em>κνίσης</em></strong></span> <span class='ocrx_word' id='word_1_268' title='bbox 567 4055 747 4147; x_wconf 88' lang='grc' dir='ltr'><strong><em>ἀμφήλυθε</em></strong></span> <span class='ocrx_word' id='word_1_269' title='bbox 768 4057 869 4144; x_wconf 68' lang='grc' dir='ltr'><strong><em>νηδδς</em></strong></span> <span class='ocrx_word' id='word_1_270' title='bbox 892 4052 1007 4143; x_wconf 88' lang='grc' dir='ltr'><strong><em>ἀυτμή.</em></strong></span> <span class='ocrx_word' id='word_1_271' title='bbox 1063 4102 1064 4106; x_wconf 65' lang='lat'>,</span> 
     </span>
     <span class='ocr_line' id='line_1_39' title="bbox 142 4154 1037 4246; baseline -0.007 -17"><span class='ocrx_word' id='word_1_272' title='bbox 142 4188 182 4229; x_wconf 83' lang='grc' dir='ltr'><strong><em>ιω</em></strong></span> <span class='ocrx_word' id='word_1_273' title='bbox 197 4158 341 4246; x_wconf 81' lang='grc' dir='ltr'><strong><em>οἰμώξας</em></strong></span> <span class='ocrx_word' id='word_1_274' title='bbox 364 4161 401 4230; x_wconf 81' lang='grc' dir='ltr'><strong><em>δέ</em></strong></span> <span class='ocrx_word' id='word_1_275' title='bbox 421 4165 538 4229; x_wconf 86' lang='grc' dir='ltr'><strong><em>θεοῖσι</em></strong></span> <span class='ocrx_word' id='word_1_276' title='bbox 558 4156 629 4243; x_wconf 78' lang='grc' dir='ltr'><strong><em>μετ’</em></strong></span> <span class='ocrx_word' id='word_1_277' title='bbox 654 4154 859 4225; x_wconf 89' lang='grc' dir='ltr'><strong><em>ἀθανάτοισι</em></strong></span> <span class='ocrx_word' id='word_1_278' title='bbox 881 4155 1037 4223; x_wconf 76' lang='grc' dir='ltr'><strong><em>τετώνευν</em></strong></span> 
     </span>
    </p>
   </div>
   <div class='ocr_carea' id='block_1_3' title="bbox 228 4376 1104 4517">
    <p class='ocr_par' dir='ltr' id='par_1_3' title="bbox 228 4376 1104 4517">
     <span class='ocr_line' id='line_1_40' title="bbox 228 4376 1087 4459; baseline -0.009 -20"><span class='ocrx_word' id='word_1_279' title='bbox 228 4388 278 4439; x_wconf 81' lang='grc'><strong><em>332</em></strong></span> <span class='ocrx_word' id='word_1_280' title='bbox 295 4391 457 4459; x_wconf 76' lang='grc' dir='ltr'><strong><em>τναμπτοῖς</em></strong></span> <span class='ocrx_word' id='word_1_281' title='bbox 474 4383 681 4456; x_wconf 59' lang='grc' dir='ltr'><strong><em>ἀγκίστροισιν·</em></strong></span> <span class='ocrx_word' id='word_1_282' title='bbox 701 4382 788 4454; x_wconf 79' lang='grc' dir='ltr'><strong><em>ἔτειρε</em></strong></span> <span class='ocrx_word' id='word_1_283' title='bbox 806 4380 837 4435; x_wconf 77' lang='grc' dir='ltr'><strong><em>δὲ</em></strong></span> <span class='ocrx_word' id='word_1_284' title='bbox 853 4382 977 4453; x_wconf 73' lang='grc' dir='ltr'><strong><em>ταστέρα</em></strong></span> <span class='ocrx_word' id='word_1_285' title='bbox 993 4376 1087 4451; x_wconf 81' lang='grc' dir='ltr'><strong><em>λιμός·</em></strong></span> 
     </span>
     <span class='ocr_line' id='line_1_41' title="bbox 1074 4471 1104 4517; baseline -0.033 0"><span class='ocrx_word' id='word_1_286' title='bbox 1074 4471 1104 4517; x_wconf 82' lang='lat'><strong><em>11</em></strong></span> 
     </span>
    </p>
   </div>
   <div class='ocr_carea' id='block_1_4' title="bbox 0 0 1434 5026">
    <p class='ocr_par' dir='ltr' id='par_1_4' title="bbox 0 0 1434 5026">
     <span class='ocr_line' id='line_1_42' title="bbox 0 0 1434 5026; baseline 0 1"><span class='ocrx_word' id='word_1_287' title='bbox 0 0 1434 5026; x_wconf 95' lang='lat' dir='ltr'><strong><em> </em></strong></span> 
     </span>
    </p>
   </div>
  </div>
 </body>
</html>
