2858 5026
546 277 586 324 12.
624 273 870 326 ΟΔΤΣΣΕΙΛΣ
887 275 917 326 Μ

175 426 298 511 τύμβον
318 425 467 509 χεύαντες
487 427 545 494 καὶ
567 425 627 493 ἐπὶ
649 427 770 518 στήλην
791 427 981 517 τερύσαντες

137 552 163 594 ιι
177 527 327 617 πήξαμεν
348 525 519 616 άκροτάτηι
540 518 662 615 τύμβφ
675 528 786 618 έυῆρες
807 526 949 615 ἐρετμόν.

215 627 309 719 ἡμεῖς
329 629 388 714 μὲν
408 631 450 695 τά
471 627 617 696 νέκαστα
639 627 825 714 διείπομεν,
849 628 920 697 οὐδ’
945 626 1008 721 άρα
1030 631 1156 723 Κίρκην

175 730 212 812 ἐξ
232 728 374 797 Ἀείδεω
396 728 551 808 ἐλθόντες
572 728 750 817 ἐλήθομεν,
773 729 855 798 άλλά
876 729 955 816 μάλ’
977 726 1049 799 ώκα

175 826 257 919 ἦλθ’
281 829 488 919 ἐντυναμένη·
512 827 581 914 δίμα
604 827 636 896 δ’
659 828 848 921 άμφίπολοι
871 834 971 923 φέρον
993 830 1077 923 αύτῇ

177 937 265 998 σῖτον
286 932 343 997 καὶ
363 932 444 1018 κρέα
465 932 575 997 πολλά
596 933 652 999 καί
675 928 809 1000 αἴθοπα
829 941 939 1002 τοῖνον
960 933 1107 1024 ἐρυθρόν.
1191 975 1193 979 ν

138 1026 198 1120 τιή
222 1029 254 1098 δ’
276 1031 310 1098 ἐν
330 1032 441 1120 μέσσῳ
464 1040 572 1099 στᾶσα
591 1031 737 1120 μετηύδα
759 1036 816 1101 δῖα
837 1034 950 1102 θεάων

173 1129 192 1157 “
200 1133 356 1215 σχέτλιοι,
380 1130 416 1201 οἳ
433 1132 570 1215 ζώοντες
591 1129 761 1222 ύπήλθετε
784 1132 870 1219 δῶμ’
891 1132 1044 1218 Άτίδαο,

177 1234 363 1316 δισθανέες,
387 1233 442 1301 ὅτε
461 1231 493 1301 τ’
517 1231 612 1301 όίλλοι
635 1231 730 1315 ἅπαξ
748 1233 930 1323 θνήσκουσ’
952 1232 1139 1323 δίνθρωποι.

111 1408 119 1418 ,
175 1332 246 1402 ἀλλ’
270 1333 358 1403 δέκετ’
381 1333 514 1403 ἐσθίετε
534 1337 668 1425 βρώμην
689 1336 747 1403 καὶ
768 1334 881 1402 πίνετε
895 1342 1010 1404 Ιτοῖνον

177 1430 261 1504 αὖθι
285 1437 499 1527 πανημέριοι·
522 1435 592 1521 ἅμα
614 1433 646 1503 δ’
668 1434 725 1526 ήοῖ
745 1436 987 1527 φαινομένηφιν

136 1568 162 1607 ιι
176 1537 367 1606 πλεύσεσθ’.
412 1536 514 1626 αὐτὰρ
536 1537 600 1606 ἐκώ
622 1536 718 1620 δείξω
741 1537 820 1606 όδδν
840 1535 901 1627 ήδὲ
919 1539 1066 1606 τέκαστα

176 1641 341 1729 σημανέω,
363 1641 417 1706 ἵνα
438 1639 485 1728 μή
506 1664 541 1705 τι
563 1639 770 1729 κακορραφίῃ
794 1637 943 1731 άλετεινῇ

175 1736 197 1828 η’
218 1737 297 1820 δλδς
317 1735 340 1829 ἢ
361 1739 421 1807 ἐπὶ
441 1743 501 1829 τῆς
523 1737 681 1828 άλτήσετε
702 1743 799 1829 πῆμα
820 1739 1015 1821 παθόντες.”

217 1833 262 1919 ὧς
283 1837 398 1931 ἔφαθ’,
421 1836 499 1928 ἡμῖν
521 1837 553 1906 δ’
577 1835 651 1906 αὖτ’
673 1840 878 1908 ἐπεπείθετο
899 1844 1009 1926 θυμδς
1030 1839 1167 1933 άεήνωρ.

176 1932 221 2018 ώς
240 1939 317 2007 τότε
337 1942 397 2025 μὲν
417 1940 553 2027 πρόπαν
572 1935 675 2029 ἦμαρ,
698 1940 732 2019 ές
752 1937 863 2029 ήέλιον
883 1943 1084 2025 καταδύντα,

136 2074 162 2112 ιο
175 2042 288 2130 ήμεθα
310 2043 498 2127 δαινύμενοι
520 2042 601 2131 κρέα
621 2040 651 2108 τ’
676 2038 806 2109 όίσπετα
827 2045 884 2110 καὶ
904 2047 994 2129 μέθυ
1014 2044 1111 2133 εηδύ·

175 2135 259 2231 ήμος
282 2140 314 2210 δ’
336 2141 449 2232 ήέλιος
470 2144 589 2211 κατέδυ
610 2143 668 2211 καί
690 2143 750 2210 ἐπὶ
771 2143 894 2233 κνέφας
915 2139 1030 2234 ἦλθεν,

175 2241 212 2311 οἳ
230 2244 290 2328 μὲν
310 2245 508 2333 κοιμήσαντο
528 2245 622 2333 παρά
644 2244 834 2333 πρυμνήσια
854 2243 943 2333 νηός,

174 2343 196 2433 η’
218 2342 250 2412 δ’
272 2345 329 2429 ἐμὲ
349 2347 458 2433 χειρδς
479 2343 598 2414 ἑλοῦσα
620 2345 725 2436 φίλων
747 2343 935 2436 ’άπονόσφιν
957 2344 1094 2433 ἑταίρων

174 2437 245 2513 εἷσέ
264 2471 300 2513 τε
321 2446 378 2512 καὶ
401 2448 615 2534 προσέλεκτο,
638 2449 696 2516 καὶ
718 2444 870 2536 ἐξερέεινε
890 2448 1048 2516 τέκαστα·

135 2576 162 2618 ιι
177 2543 278 2634 αύτδρ
301 2545 364 2612 έτώ
384 2549 425 2635 τῇ
447 2547 557 2613 πάντα
578 2548 662 2614 κατὰ
682 2552 801 2634 μοῖραν
820 2547 985 2629 κατέλεξα.

175 2647 230 2712 καί
253 2645 329 2713 τότε
351 2646 393 2735 δή
414 2671 456 2731 με
476 2646 615 2714 εέπεσσι
637 2647 810 2735 προσηύδα
833 2646 957 2713 πότνια
979 2646 1095 2737 Κίρκη.

171 2743 300 2813 ε(ταῦτα
321 2747 381 2832 μὲν
401 2746 486 2815 ούτω
509 2751 618 2813 πάντα
639 2744 871 2834 πεπείρανται,
895 2749 934 2814 σύ
957 2744 990 2814 δ’
1012 2745 1151 2816 άκουσον

177 2847 221 2928 ώς
242 2873 293 2916 τοι
316 2848 380 2916 ένώ
400 2848 517 2938 εερέω·
539 2848 656 2937 μνήσει
679 2847 718 2915 δέ
737 2870 774 2914 σε
795 2849 852 2914 καί
875 2849 956 2927 θεδς
979 2845 1084 2928 αύτός.

217 2953 374 3039 Σειρῆνας
394 2951 452 3036 μέν
473 2957 606 3038 πρώτω
628 2947 779 3039 άφίξεαι,
805 2951 844 3016 αί
864 2949 905 3038 ῥά
926 2975 963 3016 τε
985 2951 1112 3033 πάντας

135 3078 162 3117 ιο
177 3047 374 3138 ἀνθρώπως
394 3051 587 3132 θέλτουσιν,
610 3049 683 3130 ὅτις
704 3050 811 3140 σφέας
831 3048 1053 3141 εἰσαφίκηται.

176 3150 211 3231 ὅς
231 3179 284 3232 τις
306 3149 458 3241 άτιδρείφ
481 3151 610 3240 πελάσῃ
633 3151 691 3218 καὶ
713 3150 867 3241 φθόαι-ον
889 3149 1013 3243 οἷκούση

174 3254 347 3342 Σειρήνων,
369 3262 419 3341 τῷ
441 3250 475 3319 δ’
498 3248 538 3319 ού
556 3278 591 3318 τι
611 3253 690 3340 τυνή
711 3253 769 3319 καί
790 3252 898 3342 νήπια
918 3255 1013 3323 τέκνα

173 3352 307 3422 εοίκαδε
328 3355 523 3444 νοστήσαντι
544 3351 749 3442 παρίσταται
771 3350 849 3423 ούδέ
868 3355 1036 3436 νάνυνται,

177 3452 260 3522 άλλά
280 3482 317 3524 τε
338 3459 489 3551 Σειρῆνες
510 3458 628 3546 λιπαρῇ
650 3455 828 3524 θέλτουσιν
850 3454 964 3547 άοιδῇ,

133 3588 162 3629 ιε
175 3557 293 3647 ἥμεναι
315 3558 349 3627 ἐν
369 3560 520 3643 λειμῶνι·
544 3558 648 3636 πολύς
669 3553 702 3624 δ’
725 3554 810 3648 ἀμφ’
836 3555 992 3649 ὀστεόφιν
1012 3558 1073 3639 θίς

176 3655 301 3748 άνδρών
322 3659 533 3744 πυθομένων,
556 3657 635 3746 περὶ
658 3658 695 3724 δέ
716 3659 803 3747 ῥινοί
824 3660 1032 3744 μινύθουσιν.

176 3758 258 3828 άλλά
279 3760 498 3848 παρεξελάαν,
522 3758 581 3826 ἐπὶ
604 3754 637 3824 δ’
660 3753 753 3825 ούατ’
777 3754 918 3846 άλεῖψαι
939 3757 1079 3846 ἑταίρων

176 3863 274 3952 κηρόν
296 3862 447 3951 δεψήσας
466 3858 660 3950 μελιεηδέα,
682 3856 727 3948 ’μή
749 3884 802 3939 τις
824 3856 949 3951 άκούση

176 3965 240 4030 τῶν
262 3959 376 4030 άλλων.
422 3960 504 4051 άτάρ
526 3958 625 4051 αύτδς
647 3957 807 4047 άκουέμεν
829 3958 864 4028 εἴ
881 3959 916 4027 κ’
939 3960 1124 4050 έθέλησθα,

136 4093 163 4135 ει
177 4063 344 4153 δησάντων
366 4060 399 4131 σ’
421 4063 456 4131 έν
476 4064 529 4152 νηὶ
551 4063 621 4150 θοῇ
642 4061 753 4147 χεῖράς
773 4087 810 4129 τε
831 4062 940 4141 πόδας
960 4087 997 4129 τε

177 4161 280 4252 ὀρθδν
302 4161 335 4232 ἐν
357 4161 531 4254 ἱστοπέδῃ,
554 4161 592 4229 έκ
614 4159 646 4229 δ’
670 4159 769 4230 αὐτοῦ
791 4159 923 4250 πείρατ’
947 4160 1106 4252 άνήφθω,

178 4260 266 4353 όφρα
287 4289 325 4331 κε
345 4263 546 4352 τερπόμενος
565 4258 650 4329 εύπ’
673 4257 794 4351 άκούῃς
813 4261 1007 4349 Σειρήνοιιν.

178 4361 208 4432 εὶ
230 4364 267 4432 δέ
289 4390 326 4432 κε
347 4363 482 4454 λίσσηαι
504 4360 640 4453 ἑτάρους
660 4360 758 4430 λῦσαί
778 4387 815 4429 τε
835 4363 977 4448 κελεύῃς,
