2858 5026
195 228 260 293 208
559 231 599 277 16.
637 226 885 278 omium
903 227 931 275 Π

194 384 307 447 κλαῖον
329 381 366 447 δὲ
388 379 517 458 λιτέιυς,
541 376 737 468 ἀδινώτερον
757 375 778 468 η’
799 377 829 445 τ’
853 375 980 459 οἰωνοί,
1057 404 1065 415 ·

195 485 296 572 φῆναι
320 477 341 571 ἢ
364 479 515 548 αἰτυπιοὶ
537 480 767 569 σαμψιόνυχες,
791 474 861 548 οἷσί
882 506 917 546 τε
938 478 1035 546 τέκνα

197 583 335 670 άνρόται
358 582 516 663 ἐξείλοντο
539 581 647 670 πάρος
668 583 808 670 πετεηνιί
829 580 1002 649 νενέσθαι·

195 678 239 765 ὧς
261 682 324 772 άρα
346 683 400 750 τοί
420 681 451 750 ν’
475 683 614 750 ἐλεεινόν
636 679 695 747 ὕπ’
718 679 839 772 όφρύσι
862 682 1001 770 δάκρυον
1024 675 1123 767 εἰβσν.

142 812 181 850 220
195 786 252 852 καί
273 784 308 850 νύ
331 783 365 850 κ’
389 781 635 872 ὀδυρομένοισιν
657 782 713 851 ἔδυ
736 784 824 874 φάος
846 781 985 872 η’·ελίοιο,

195 885 223 953 εἰ
244 887 289 974 μη
318 885 505 974 Τηλέμαχος
527 885 736 975 προσεφώνεε
756 887 814 952 τόν
836 884 953 970 πατέρ’
978 878 1067 974 αἰιμα

189 985 297 1077 αποίη
319 984 350 1052 τ’
374 983 415 1073 ι’ἰρ
437 989 490 1053 νῦν
513 989 618 1090 δεῦρο,
641 987 747 1077 πάτερ
770 985 860 1076 φίλε,
884 985 937 1076 νηί
958 1010 995 1053 σε
1017 989 1132 1053 ναῦται

194 1086 316 1178 ἥπατον
338 1085 385 1167 εἰς
404 1085 550 1176 Ἰθάκην,
571 1086 656 1168 τίνες
678 1087 814 1172 ἔμμεναι
838 1085 1049 1170 εἰχετόωντσ,

196 1187 232 1256 ού
254 1191 317 1278 μην
337 1188 399 1276 νάρ
420 1188 454 1255 τί
476 1213 513 1255 σε
535 1190 635 1270 πεζόν
656 1186 771 1273 όίσμαι
795 1187 911 1256 ἐνθάδ’
932 1186 1097 1256 ἰκέσθαι.”

142 1317 181 1357 225
236 1292 293 1356 τόν
316 1288 347 1356 δ’
371 1284 448 1356 αύτε
470 1291 671 1378 προσέεειπε
693 1290 857 1371 πολύτλας
879 1293 950 1370 δῖος
960 1288 1136 1368 Ὀδυσσεύς

189 1388 331 1478 ((τοιιάρ
353 1391 418 1458 ἔνιά
439 1416 505 1471 τοι,
527 1389 647 1472 τέκνον,
672 1388 832 1481 ἀληθείην
853 1392 1031 1472 καταλέξω.

194 1492 339 1583 Φαίηκές
359 1489 395 1577 μ’
419 1489 542 1558 δίτονον
563 1491 787 1575 ναυσίκλυτοι,
810 1496 900 1560 οἵτε
921 1493 978 1560 καί
1002 1490 1118 1573 άλλους

194 1593 392 1684 ἀνθρώπους
413 1593 616 1678 πέμπουσιν,
641 1594 711 1676 ὅτις
733 1594 837 1685 σφέας
859 1593 1086 1684 εἰσαφίκηται·

193 1696 251 1763 καί
271 1694 308 1781 μ’
332 1693 455 1764 εὕδοντ’
479 1696 513 1762 έν
535 1697 585 1785 νηί
608 1700 676 1787 θοῇ
698 1696 757 1764 ἐπὶ
779 1696 901 1765 πόντον
924 1693 1057 1777 άνοντες

139 1829 179 1868 τοο
193 1798 361 1865 κάτθεσαν
384 1795 431 1878 εἰς
450 1795 596 1887 Ἰθάκην,
620 1794 741 1885 ἔπορον
763 1799 801 1865 δέ
820 1824 880 1882 μοι
902 1795 1009 1865 άσλαδ
1033 1801 1136 1888 δῶρα,

192 1900 310 1982 χαλκόν
332 1925 367 1965 τε
388 1899 505 1987 χρυσόν
525 1925 561 1966 τε
582 1899 680 1978 εάλις
700 1898 850 1988 εεσθητά
871 1896 912 1967 θ’
935 1897 1089 1988 ὑφαντήν.

193 2001 250 2067 καί
272 2002 313 2066 τοὶ
335 2000 393 2083 μὲν
415 1999 449 2066 ἐν
471 2000 616 2088 σπηέσσι
638 2004 728 2067 θεῶν
751 2000 856 2090 ἰότητι
879 2001 1026 2069 κέονται·

192 2105 246 2168 νῦν
269 2094 310 2167 αὖ
333 2098 419 2188 δεῦρ)
445 2099 560 2190 ἱκόμην
582 2101 878 2192 ὑποθημοσύνῃσιν
900 2099 1058 2192 Ἀθήνης,

193 2201 280 2294 όφρα
301 2229 337 2270 κε
359 2203 567 2288 δυσμενέεσσι
590 2205 693 2294 φόνου
714 2205 793 2289 πέρι
813 2204 1046 2291 βουλεύσωμεν.

141 2334 179 2374 τεο
195 2301 263 2371 ἀλλ’
286 2300 345 2371 άτε
365 2330 425 2388 μοι
447 2307 632 2393 μνηστῆρας
654 2302 848 2395 ἀριθμήσας
869 2306 1063 2387 κατάλεξον,

192 2403 280 2496 όφρα
301 2405 402 2472 ειδέω
426 2403 522 2473 ὅσσοι
542 2431 578 2471 τε
599 2408 656 2474 καὶ
678 2411 818 2487 οἵτινες
840 2404 949 2495 άνέρες
971 2406 1068 2475 εἰσίν·

192 2507 250 2574 καί
272 2533 324 2574 κεν
346 2507 424 2592 ε’μδν
445 2510 528 2575 κατὰ
549 2511 660 2594 θυμόν
682 2506 832 2594 άμύμονα
853 2508 1053 2597 μερμηρίξας

192 2609 397 2699 φράσσομαι,
421 2607 443 2697 ἤ
464 2635 518 2675 κεν
539 2613 599 2677 νῶι
622 2607 825 2698 δυνησόμεθ’
847 2606 1089 2699 ἀντιφέρεσθαι

191 2711 297 2795 μούνω
321 2707 434 2778 ἔνεσθ’
459 2705 579 2793 άλλων,
603 2707 624 2800 ἦ
646 2712 702 2777 καί
727 2707 923 2800 διζησόμεθ’
947 2706 1093 2791 άλλους.”
1150 2756 1152 2761 ,

138 2844 178 2883 τω
234 2813 290 2878 τὸν
313 2809 344 2878 δ’
367 2805 408 2878 αύ
435 2813 620 2901 Τηλέμαχος
641 2813 848 2899 πεπνυμένος
870 2810 980 2880 άντίσν
1001 2808 1085 2901 ηἰίδα

188 2907 239 2980 “03
262 2913 383 3000 πάτερ,
405 2906 425 3003 ἦ
447 2941 501 2981 τοι
523 2920 593 2981 σεῖο
614 2914 699 3000 μέν-α
720 2914 813 2993 κλέος
835 2911 905 2982 αἰέν
927 2911 1059 2996 άκουον,

190 3016 300 3102 χεῖράς
321 3012 353 3082 τ’
376 3015 533 3105 αἰχμητήν
554 3015 666 3103 ἔμεναι
687 3017 744 3084 καὶ
767 3013 932 3106 ἐπίφρονα
953 3015 1087 3105 βουλήν·

192 3114 274 3183 ἀλλὰ
297 3114 368 3206 λίην
389 3117 472 3202 μένα
492 3124 625 3200 εεῖπας,
649 3115 712 3207 δίνη
734 3115 770 3203 μ)
794 3116 876 3201 ἔχει·
899 3114 979 3186 σύδέ
1000 3143 1054 3184 κεν
1076 3114 1127 3204 εἰη

191 3217 288 3308 ἰίνδρε
310 3219 376 3287 δύω
399 3221 553 3288 πολλοῖσι
575 3221 632 3286 καί
655 3217 833 3309 ἰφθίμοισι
856 3219 1035 3303 μάχεσθαι.

137 3349 176 3388 τω
188 3320 377 3410 μνηστήρων
399 3318 430 3387 δ’
453 3318 523 3388 ούτ)
546 3317 585 3409 ίίρ
610 3322 708 3399 δεκάς
729 3315 861 3410 άτρεκὲς
883 3316 957 3387 ούτε
980 3316 1033 3386 δύ’
1055 3312 1141 3400 οἰαι,

191 3420 274 3489 ἀλλὰ
295 3424 379 3491 πολύ
401 3423 548 3501 πλέονες·
571 3420 655 3503 τάχα
675 3421 803 3488 πείσεαι
825 3419 943 3489 ἐνθάδ’
968 3417 1123 3511 άριθμόν.
1203 3504 1205 3508 ⁴

189 3523 224 3591 ἐκ
246 3524 305 3608 μὲν
327 3522 522 3607 Δουλιχίοιο
545 3522 875 3611 δυωκαιπενσήκοντα

189 3628 302 3713 κοῦροι
324 3624 521 3714 κεκριμένοι,
544 3620 582 3705 ἔξ
602 3623 639 3691 δὲ
662 3626 838 3714 δρηστῆρες
860 3623 1013 3692 ἕπονται·

190 3726 225 3795 ἐκ
249 3729 285 3795 δὲ
305 3727 419 3816 Σάμης
441 3724 766 3815 πισυρεσκαιεείκοσι
789 3728 896 3816 φῶτες
917 3724 1022 3808 ἔασιν,

136 3856 175 3895 250
189 3829 224 3897 ἐκ
249 3829 285 3897 δὲ
307 3827 483 3916 Ζακύνθου
507 3825 600 3895 ἔασιν
622 3827 768 3896 ἕεείκοσι
789 3835 904 3918 κοῦροι
924 3826 1080 3910 Ἀχαιῶν,

188 3931 225 3999 ἐκ
248 3931 281 3998 δ’
303 3928 402 4020 αὐτῆς
421 3928 555 4018 Ἰθάκης
577 3925 777 3996 δυοκαίδεκα
799 3929 920 4009 πάντες
941 3927 1088 4021 ἰίριστοι,

188 4031 246 4100 καί
267 4058 347 4123 σφιν
370 4031 426 4118 ἅμ’
451 4030 523 4100 ἔστι
545 4030 673 4098 Μέδων
693 4031 795 4119 κῆρυξ
814 4032 872 4099 καὶ
893 4037 989 4112 θεῖος
1010 4029 1127 4111 άοιδός

188 4134 245 4201 καί
268 4135 350 4203 δοιά
372 4134 572 4223 θεράποντε,
596 4133 739 4223 δαήμονε
762 4134 1015 4221 δαιτροσυνάων.

186 4238 251 4304 τῶν
273 4233 309 4304 εἰ
327 4263 380 4305 κεν
401 4236 534 4304 πάντων
555 4233 734 4326 άντήσομεν
755 4233 849 4303 ἔνδον
870 4234 1002 4320 ἐόντων,

134 4359 174 4400 τοι
187 4339 232 4429 μη
254 4338 447 4428 πολύπικρα
468 4339 524 4404 καὶ
548 4334 623 4404 αἰνὰ
644 4334 722 4424 βίας
742 4332 924 4407 άποτίσεαι
945 4336 1066 4407 ἕλθιόν.
