2858 5026
564 279 605 328 15.
643 277 889 330 ΟΔΤΣΣΕΙΔΣ
908 283 933 332 0

194 424 340 516 Κτήσιος
358 423 559 518 Ὀρμενίδης,
582 429 785 511 έπιεείκελος
808 429 1038 501 ἀθανάτοισιν.

139 561 179 601 415
235 525 318 595 ένθα
341 529 378 594 δὲ
399 528 553 608 Φοίνικες
575 532 782 600 ναυσίκλυτοι
805 530 931 624 ἤλυθον
954 532 1078 621 ἀνδρες,

190 632 344 714 τρῶκται,
367 627 458 716 μυρί’
481 627 614 712 άτοντες
635 629 812 722 ἀθύρματα
834 637 885 724 νηί
907 634 1052 726 μελαίνῃ.

192 728 266 797 έσκε
289 730 325 796 δὲ
348 732 475 816 πατρὸς
497 731 590 815 ἐμοῖο
610 736 690 823 νυνή
714 733 869 802 Φοίνισσ’
892 736 939 803 ἔνι’
961 735 1078 824 εοίκῳ,

192 830 273 918 καλή
294 856 330 896 τε
351 830 475 919 μετάλη
498 833 611 899 τεκαὶ
635 832 740 901 άτλαά
761 836 860 924 εέρτα
880 839 1007 903 ειδυῖα·

191 933 248 1020 τήν
294 929 302 954 ’
325 929 389 1020 ἀρα
412 931 565 1012 Φοίνικες
587 933 844 1003 πολυπαίπαλοι
865 934 1080 1025 ἠπερόπευον.

138 1067 178 1104 420
192 1033 358 1121 πλυνούσῃ
381 1059 433 1112 τις
455 1036 571 1119 πρώτα
592 1033 672 1125 μίν-η
695 1033 789 1126 κοίλῃ
812 1038 904 1124 παρά
926 1035 979 1125 νηί

192 1133 265 1226 εὐνῇ
286 1136 344 1202 καὶ
365 1137 533 1226 φιλάτητι,
556 1137 597 1203 τά
620 1162 656 1203 τε
678 1137 799 1226 φρένας
821 1134 1023 1225 ἠπεροπεύει

191 1236 391 1326 θηλυτέρῃσι
412 1236 554 1318 τυναιξί,
578 1238 636 1304 καὶ
657 1237 679 1326 δή
700 1235 731 1303 κ’
753 1238 904 1325 έυτερνδς
926 1234 1026 1328 ἔῃσιν.

191 1337 308 1426 εἰρώτα
332 1339 371 1427 δή
395 1335 514 1405 ἔπειτα
534 1337 585 1419 τίς
607 1336 660 1428 εἴη
682 1341 739 1406 καὶ
760 1341 872 1408 πόθεν
893 1337 1006 1406 έλθοι·

189 1433 209 1528 ή
233 1439 270 1505 δὲ
290 1436 368 1524 μάλ’
392 1437 510 1506 αὐτίκα
531 1440 657 1526 πατρὸς
679 1437 867 1527 ἐπέφραδεν
888 1434 1052 1529 ὑψερεφές
1075 1441 1132 1505 δῶ.

136 1537 237 1609 ατ(έκ
258 1541 317 1625 μέν
338 1543 483 1619 Σιδῶνος
505 1539 714 1624 πολυχάλκου
736 1536 872 1622 εύχομαι
895 1532 993 1619 εἶναι,

188 1642 285 1730 κούρη
309 1638 342 1708 δ’
365 1639 431 1726 εἴμ’
454 1639 653 1730 Ἀρύβαντος
674 1640 739 1706 ε’τώ
761 1641 860 1728 ῥυδδν
882 1636 1049 1727 ἀφνειοῖο·

189 1740 270 1808 άλλά
290 1739 327 1827 μ’
351 1739 541 1831 ἀνήρπαξαν
568 1740 694 1830 Τάφιοι
717 1739 884 1828 ληίστορες
906 1737 1020 1827 άνδρες

193 1841 338 1928 άνρόθεν
360 1842 543 1932 ἐρχομένην,
567 1841 716 1926 πέρασαν
738 1840 776 1906 δέ
797 1865 838 1923 με
861 1838 948 1926 δεῦρ’
971 1839 1147 1924 άτατόιτες

190 1940 281 2010 τοῦδ’
306 1943 423 2029 ἀνδρὸς
445 1945 531 2030 πρὸς
553 1938 698 2026 δώμαθ’,
722 1934 740 2006 ὃ
765 1937 796 2006 δ’
819 1937 913 2022 ἀξιον
934 1935 1016 2009 ώνον
1036 1941 1175 2013 έδωκεν.’

136 2070 175 2109 ιεο
231 2046 289 2134 τήν
312 2041 343 2111 δ’
367 2037 445 2112 αίντε
467 2042 688 2132 προσέεειπεν
710 2038 790 2130 ἀνήρ
813 2036 851 2120 δς
872 2041 1025 2127 ἕμίστετο
1047 2046 1158 2136 λάθρῃ

185 2139 222 2234 ’ή
244 2143 285 2233 ῥά
307 2170 344 2211 κε
365 2148 419 2212 νῦν
440 2146 542 2212 πάλιν
564 2138 656 2224 αὖτις
677 2141 735 2228 ἀμ’
757 2140 834 2232 ἡμῖν
854 2143 987 2211 εοίκαδ
1011 2144 1125 2228 ἕποιο,

189 2243 276 2336 δφρα
297 2243 375 2337 είδῃ
398 2248 525 2333 πατρὸς
546 2249 604 2313 καὶ
624 2245 764 2335 μητέρος
783 2242 946 2336 ὑψερεφές
968 2249 1016 2313 δώ

189 2346 305 2427 αύτούς
325 2347 371 2428 τ’,·
392 2341 414 2437 ή
434 2350 497 2437 πάρ
519 2344 566 2415 ἔτ’
590 2345 655 2416 εἶσί
677 2347 735 2413 καὶ
756 2343 889 2436 ἀφνειοί
911 2345 1100 2416 καλέονται.’

228 2451 286 2516 τὸν
308 2445 339 2514 δ’
363 2442 441 2516 αὖτε
462 2448 665 2535 προσένειπε
686 2449 763 2536 νννή
785 2449 843 2515 καὶ
866 2445 1024 2534 ἀμείβετο
1045 2450 1146 2538 μύθῳ

134 2548 254 2639 43εέλή
277 2575 331 2617 κεν
352 2552 410 2617 καί
431 2547 530 2630 τοῦτ’,
555 2547 591 2617 εἴ
607 2574 666 2635 μοι
688 2547 840 2616 ἐθέλοιτέ
860 2575 910 2629 τε,
934 2554 1062 2630 ναῦται,

187 2650 275 2739 ὅρκῳ
299 2652 515 2739 πιστωθῆναι
539 2647 696 2739 ἀπήμονα
716 2647 848 2716 εοίκαδ
872 2647 1032 2731 ἀπάξειν.’

230 2744 275 2831 ώς
296 2748 412 2840 ἔφαθ’,
435 2747 471 2818 δι’
492 2747 521 2816 δ’
546 2746 611 2836 ίίρα
633 2749 754 2828 πάντες
776 2748 947 2833 ἐπώμνυον
970 2750 1014 2830 ώς
1036 2751 1188 2819 ἐκέλευεν.

188 2851 289 2939 αὐτάρ
312 2850 389 2919 ἐπεί
410 2848 440 2940 ῥ’
464 2847 588 2934 δμοσάν
608 2875 644 2915 τε
664 2848 858 2938 τελεύτησάν
878 2875 914 2916 τε
935 2853 992 2919 τὸν
1014 2848 1123 2941 ὅρκον,

186 2959 254 3033 τοῖς
276 2949 307 3019 δ’
331 2944 423 3030 αὖτις
444 2950 618 3035 μετὲεειπε
639 2950 715 3038 Γυνή
739 2949 796 3015 καὶ
819 2946 975 3035 ἀμείβετο
995 2953 1106 3043 μύθῳ.

134 3055 278 3143 αο“σιτῇ
299 3057 361 3119 νῦν.
405 3051 450 3140 μή
471 3049 524 3131 τίς
543 3077 585 3135 με
606 3050 829 3136 προσαυδάτω
850 3054 1024 3127 εεπέεσσιν

187 3154 347 3241 ὑμετέρων
368 3151 503 3242 ἑτάρων,
528 3151 749 3240 ξυμβλήμενος
771 3146 793 3240 ή
814 3151 847 3219 έν
869 3149 969 3243 ἀνυιῃ

187 3255 207 3348 ή
230 3282 295 3325 που
318 3256 378 3324 ἐπὶ
399 3254 513 3345 κρήνῃ·
537 3252 582 3342 μή
604 3279 656 3332 τις
678 3253 760 3320 ποτὶ
784 3256 879 3338 δῶμα
899 3255 1027 3343 τέροντι

187 3359 296 3427 ἐλθών
317 3355 467 3445 ἐκτείπῃ,
492 3349 510 3423 δ
533 3352 566 3422 δ’
591 3352 766 3440 ὀισάμενος
787 3355 954 3446 καταδήσῃ
1051 3393 1054 3397 ·

187 3462 296 3549 δεσμῷ
317 3459 351 3526 ἐν
374 3456 537 3547 άρταλέῳ,
561 3455 636 3540 ὑμῖν
658 3452 689 3522 δ’
712 3455 931 3546 ἐπιφράσσετ’
955 3454 1103 3546 ὄλεθρον.

133 3589 173 3628 ιιι
188 3559 258 3628 ἀλλ’
283 3557 364 3643 ἔχετ’
389 3559 422 3627 ἐν
443 3557 540 3649 φρεσί
563 3559 686 3641 μῦθον,
709 3556 858 3625 έπείτετε
880 3556 911 3625 δ’
935 3552 1015 3647 ώνον
1037 3559 1167 3629 ὁδαίων.

187 3660 259 3730 ἀλλ’
284 3660 339 3729 ὅτε
360 3686 414 3727 κεν
436 3662 475 3749 δή
498 3661 575 3748 νηῦς
596 3656 694 3747 πλείη
716 3658 848 3743 βιότοιο
868 3660 1018 3747 γένηται,

186 3759 317 3851 άτνελίη
340 3788 400 3847 μοι
423 3758 541 3828 ἔπειτα
562 3767 654 3837 θοῶς
676 3758 710 3838 ἐς
732 3757 867 3843 δώμαθ’
891 3757 1029 3828 ἱκέσθω·

188 3864 270 3933 οἴσω
292 3865 355 3949 νάρ
377 3863 435 3929 καὶ
455 3860 586 3950 χρυσόν,
611 3857 683 3938 ὅτις
703 3855 737 3942 χ’
759 3855 950 3946 ὑποχείριος
972 3858 1066 3951 ἔλθῃ.

188 3966 245 4033 καὶ
268 3964 306 4031 δέ
328 3989 381 4031 κεν
403 3959 474 4029 ἀλλ’
497 3960 687 4047 ἐπίβαθρον
709 3960 793 4028 έτών
815 3960 977 4029 ἐθέλουσά
998 3988 1036 4028 τε
1059 3961 1160 4052 δοίην.

133 4095 174 4135 πο
189 4067 295 4133 παῖδα
316 4066 377 4150 τδρ
401 4062 516 4150 ἀνδρὸς
538 4063 611 4153 ἑῆος
633 4062 681 4130 ἐνὶ
703 4061 861 4150 μετάροις
883 4059 1060 4145 ἀτιτάλλω,

187 4164 362 4257 κερδαλέον
385 4166 424 4253 δή
447 4170 551 4245 τοῖον,
575 4164 645 4249 ἅμα
666 4167 838 4251 τρωχώντα
860 4164 970 4253 θύραζ
991 4190 997 4203 ·

107 4347 108 4351 ¹
187 4270 244 4337 τόν
266 4295 319 4336 κεν
341 4264 452 4352 άτοιμ’
476 4266 536 4334 ἐπὶ
557 4265 648 4356 νηός,
671 4261 691 4332 δ’
714 4262 746 4331 δ’
768 4263 846 4349 ύμιν
866 4264 982 4356 μυρίον
1004 4258 1085 4333 ώνον

188 4367 307 4461 ἀλφοι,
332 4368 399 4460 ὅπῃ
423 4367 588 4458 περάσητε
609 4363 683 4434 κατ’
706 4363 911 4456 ἀλλοθρόους
933 4364 1152 4454 ἀνθρώπουςῖ
