2858 5026
480 299 504 345 7.
542 293 794 345 ommam
811 293 838 344 Η

108 450 231 538 πομπῇ
253 444 310 537 ὑφ’
333 444 470 536 ἡμετέρῃ
491 447 551 535 τήν
572 446 719 535 πατρίδα
739 451 837 514 ταῖαν
857 448 970 535 ἵκηται

107 551 229 642 χαίρων
250 546 481 635 καρπαλίμως,
505 544 535 614 εἰ
556 550 613 615 καί
634 550 724 631 μάλα
744 548 885 638 τηλόθεν
906 545 1008 629 έστίν,

56 683 96 724 195
110 652 195 743 μηδέ
215 677 248 718 τι
270 647 438 738 μησσητύς
457 673 496 714 νε
516 649 618 716 κακδν
638 650 696 717 καὶ
718 652 815 740 πῆμα
837 650 1003 740 πάθῃσιν,

107 751 187 843 πρίν
208 777 246 818 τε
266 751 323 817 τδν
344 740 385 836 ἧς
404 745 501 837 ταίης
522 747 736 839 ἐπιβήμεναι·
758 749 845 819 ἔνθα
868 749 898 817 δ’
922 748 1043 818 ἔπειτα

109 852 264 921 πείσεται
286 846 373 916 άσσα
393 873 447 914 τοι
469 841 550 915 αἶσα
571 852 655 916 κατὰ
676 851 804 932 κλῶθές
824 877 861 918 τε
878 857 1011 940 βαρεῖαι

109 950 291 1040 πενομένῳ
313 949 452 1040 νήσαντο
473 945 567 1037 λίνῳ,
590 948 645 1016 ὅτε
665 975 723 1034 μιν
742 950 817 1019 τέκε
837 952 952 1041 μήτηρ.

79 1080 81 1085 ⁴
109 1052 139 1124 τί
162 1054 200 1121 δέ
220 1078 272 1133 τις
293 1048 471 1120 ἀθανάτων
490 1074 529 1116 τε
550 1047 625 1116 κατ’
647 1047 784 1139 ούρανοῦ
805 1049 1009 1141 εἰλήλουθεν,

56 1188 95 1228 τοο
108 1152 189 1224 άλλο
209 1154 306 1244 τιδή
328 1149 402 1219 τύδ’
425 1149 545 1217 ἔπειτα
566 1152 645 1217 θεοὶ
667 1152 980 1241 περιμηχανόωνται.

108 1256 175 1325 αἰεὶ
196 1257 259 1344 τδρ
280 1256 319 1322 τδ
341 1252 450 1339 πάρος
469 1277 508 1319 τε
528 1253 609 1319 θεοῖ
630 1250 805 1343 φαίνονται
827 1251 969 1338 έναρτεῖς

107 1356 198 1450 ἡμῖν,
222 1352 289 1424 εὖτ’
311 1352 455 1442 ἔρδωμεν
477 1350 674 1434 άνακλειτὰς
695 1351 898 1440 ἑκατόμβας,

108 1457 277 1528 δαίνυνταί
297 1482 333 1524 τε
355 1452 436 1543 παρ’
459 1452 545 1540 άμμι
566 1455 751 1546 καθήμενοι
773 1453 859 1523 ἔνθα
880 1480 942 1545 περ
963 1455 1066 1545 ἡμεῖς.

108 1560 138 1628 εί
161 1559 191 1628 δ’
214 1557 278 1649 δίρα
299 1584 353 1638 τις
374 1556 432 1624 καλ
453 1558 572 1642 μοῦνος
594 1554 651 1625 ίιδν
672 1559 856 1646 ξυμβλῆται
878 1556 1005 1648 ὁδίτης,

54 1692 93 1733 205
108 1658 147 1730 ού
168 1686 202 1729 τι
223 1658 524 1747 κατακρύπτουσιν,
547 1656 624 1725 ἐπεί
645 1680 763 1748 σφισιν
784 1658 923 1727 έντύθεν
945 1658 1034 1744 εἰμέν

108 1762 153 1843 άίς
175 1788 238 1849 περ
260 1759 443 1839 Κύκλωπές
462 1784 499 1825 τε
521 1759 579 1826 καὶ
601 1785 701 1845 ατρια
722 1761 810 1849 φῦλα
833 1758 1023 1826 Γιτάντων.”

148 1865 206 1931 τὸν
228 1860 259 1929 δ’
282 1859 550 1946 ἀπαμειβόμενος
571 1859 720 1949 προσέφη
744 1860 930 1950 πολύμητις
948 1857 1120 1941 Ὀδυσσεύς

104 1959 270 2044 ιἈλκίνο’,
295 1957 378 2028 άλλο
399 1959 435 2027 τί
457 1984 511 2027 τοι
533 1960 658 2043 μελέτω
681 1959 810 2050 φρεσίν·
834 1959 873 2027 ού
894 1962 957 2048 τάρ
980 1961 1045 2029 έναί
1065 1988 1104 2029 τε

109 2062 314 2132 α’θανάτοισι
335 2061 485 2142 εέτοινα,
509 2061 561 2128 τοὶ
584 2057 719 2147 ούρανδν
742 2058 834 2150 εύρύν
855 2059 1006 2146 ἔχουσαί

56 2199 96 2237 κιο
109 2164 147 2235 οὗ
170 2165 270 2250 δέμας
293 2161 370 2231 ούδὲ
391 2163 490 2253 φυήν,
516 2159 600 2230 άλλά
620 2168 776 2253 θνητοῖσι
797 2170 973 2252 βροτοῖσιν.

110 2265 166 2347 ούς
186 2292 278 2347 τινας
299 2263 391 2351 ὑμεῖς
411 2265 504 2334 είστε
524 2262 660 2350 μάλιστ’
683 2262 838 2348 ὀχέοντας
859 2263 950 2348 ὀιζύν

107 2365 311 2457 άνθροίπων,
333 2366 438 2444 τοῖσίν
459 2393 514 2434 κεν
535 2367 570 2434 ἐν
592 2363 706 2436 δίλνεσι
727 2368 943 2459 εισωσαίμην.

105 2471 164 2537 καὶ
187 2467 217 2536 δ’
241 2466 291 2537 ἔτι
312 2495 366 2536 κεν
388 2469 446 2535 καὶ
467 2465 594 2535 πλεῖον)
616 2467 680 2535 έτιδ
702 2471 787 2536 κακά
808 2471 1036 2561 μυθησαίμην,

109 2570 194 2639 ὅσσα
215 2596 253 2638 τε
275 2572 315 2659 δή
338 2570 511 2654 ξύμπαντα
531 2570 621 2635 θεῶν
643 2566 749 2658 ἰότητι
770 2570 910 2659 μόνησα.

55 2702 95 2742 κισ
109 2671 176 2739 ἀλλ’
200 2671 259 2756 ἐμὲ
278 2671 339 2756 μέν
361 2671 528 2756 δορπῆσαι
550 2666 670 2735 ἐάσατε
690 2669 869 2758 κηδόμενόν
883 2691 969 2759 περ·

108 2772 146 2841 ού
167 2773 230 2860 νάρ
251 2797 286 2838 τι
309 2771 444 2860 στυνερή
466 2767 526 2835 ἐπὶ
546 2768 685 2857 ταστίρι
705 2768 855 2858 κύντερον
876 2768 955 2839 άλλο

106 2871 241 2954 έιτλετο,
264 2869 287 2960 ή
307 2868 337 2938 τ’
361 2870 509 2939 ἐκέλευσε
528 2868 585 2937 τέο
606 2871 800 2960 μνήσασθαι
823 2869 947 2964 άνάνκη

108 2974 166 3042 καὶ
187 2973 277 3058 μάλα
298 2972 486 3060 τειρόμενον
507 2971 563 3039 καί
586 2970 634 3038 ένλ
657 2972 756 3061 φρεσί
778 2973 906 3055 πένθος
928 2973 1056 3059 ἔχοντα,

108 3073 153 3156 τῖς
173 3076 232 3142 καὶ
253 3074 318 3143 έταλ
340 3072 469 3154 πένθος
489 3071 550 3157 μέν
570 3069 635 3157 ἔχω
657 3072 784 3165 φρεσίν,
807 3070 830 3165 ή
852 3075 889 3143 δὲ
910 3075 989 3161 μάλ’
1012 3077 1080 3147 αἰεί

55 3210 95 3249 κιο
108 3177 287 3261 ἐσθέμεναι
310 3175 441 3244 κέλεται
463 3175 521 3242 καὶ
543 3176 691 3260 πινέμεν,
714 3175 751 3243 ἐκ
773 3175 812 3243 δέ
831 3202 873 3262 με
895 3179 1027 3247 πάντων

106 3278 247 3369 ληθάνει
269 3275 341 3346 ὅσσ’
364 3274 511 3359 ἔπαθον,
534 3276 593 3343 καὶ
614 3275 864 3367 ένιπλήσασθαι
887 3276 1015 3349 άνοίτει.

106 3380 198 3465 ὑμεῖς
220 3377 252 3447 δ’
274 3377 450 3469 δτρύνεσθε
471 3374 531 3464 ἅμ’
552 3375 608 3468 ήοῖ
628 3379 871 3471 φαινομένηφιν

108 3482 152 3562 ὥς
173 3478 205 3547 κ’
228 3480 287 3566 ἐμὲ
308 3482 366 3547 τὸν
388 3480 544 3570 δύστηνον
565 3480 648 3570 ἐμῆς
668 3481 847 3571 ἐπιβήσετε
868 3483 1009 3577 πάτρης,

107 3582 165 3652 καί
187 3610 249 3670 περ
271 3584 379 3651 πολλοὶ
401 3583 565 3651 παθόντα.
609 3583 747 3652 ειδόντα
767 3611 809 3670 με
830 3587 889 3654 καί
910 3585 1009 3656 λίποι
1030 3588 1113 3658 αῖιύν

55 3715 94 3755 225
107 3688 222 3775 κτῆσιν
244 3685 338 3776 ἐμήν,
363 3685 477 3770 δμῶάς
496 3710 533 3752 τε
554 3686 613 3751 καὶ
633 3683 797 3776 ὑψερεφὲς
817 3690 903 3772 μένα
925 3688 1048 3774 δῶμα.”

151 3778 197 3867 ὦς
218 3784 335 3878 ἔφαθ’,
360 3784 395 3855 οἳ
414 3784 445 3854 δ’
470 3782 535 3874 άρα
556 3786 678 3867 πάντες
699 3785 837 3876 έπήνεον
858 3785 918 3878 ήδὲ
939 3789 1069 3858 κέλευον

109 3888 319 3973 πεμπέμεναι
342 3890 398 3956 τὸν
419 3890 534 3971 ξεῖνον,
558 3888 634 3957 ἐπεὶ
656 3889 741 3956 κατὰ
762 3895 880 3979 μοῖραν
902 3888 1043 3958 έτειπεν.

111 3987 214 4077 αύτάρ
236 3988 311 4056 ἐπεὶ
334 3990 475 4057 σπεῖσάν
494 4016 531 4058 τε
552 3988 631 4057 πίον
652 3988 694 4058 θ’
717 3988 795 4060 ὅσον
814 3989 917 4082 ἤθελε
936 3991 1057 4077 θυμός,

110 4087 148 4160 οῖ
164 4090 223 4177 μέν
245 4087 448 4169 κακκείοντες
470 4088 550 4176 έβαν
569 4092 722 4159 εοικδνδε
738 4092 911 4173 εέκαστος,

57 4223 97 4263 ιω
111 4191 213 4280 αὐτὰρ
236 4187 256 4259 δ
277 4191 311 4260 έν
330 4190 463 4281 μετάρῳ
484 4187 683 4260 ὑπελείπετο
704 4195 776 4272 δῖος
794 4190 980 4275 Ὀδυσσεύς,

109 4297 179 4383 πάρ
224 4294 263 4361 δέ
283 4320 339 4361 τοι
364 4290 486 4383 Ἀρήτη
508 4293 623 4360 τεκαὶ
645 4290 814 4375 ’Λλκίνοος
834 4297 1011 4386 θεοεειδής

111 4395 235 4488 ἥσθην·
259 4392 449 4489 α’μφίπολοι
472 4392 505 4463 δ’
527 4392 734 4481 άπεκόσμεον
755 4395 848 4465 ἔντεα
871 4398 995 4481 δαιτός.
