2894 5024
199 240 265 305 218
565 245 606 290 17.
643 241 926 293 omnum

197 389 226 459 εἰ
248 391 324 477 πάρ,
347 396 412 459 Ζεῦ
433 418 469 459 τε
490 393 595 479 πάτερ
618 393 673 459 καὶ
697 389 864 483 Ἀθηναίη,
883 395 940 461 καί
960 390 1143 476 Ἄπολλον,

196 499 286 572 τοῖος
307 493 370 561 ἐών
391 486 464 574 οἶός
484 491 562 562 ποτ’
585 494 757 584 ἐυκτιμένῃ
780 493 827 560 ἐνί
849 494 978 583 Λέσβῳ

197 595 234 677 ἐξ
253 593 362 683 ἔριδος
384 596 608 686 Φιλομηλεΐδῃ
631 594 812 663 ἐπάλαισεν
833 593 991 676 ἀναστάς,

146 724 184 763 ιεε
198 698 263 763 κάδ
285 694 316 763 δ)
338 694 453 782 ἔβαλεν
474 700 651 785 κρατερῶς,
673 695 848 785 κεχάροντο
870 697 907 765 δὲ
929 697 1051 776 πάντες
1074 692 1234 781 Ἀχαιοί,

196 804 286 877 τοῖος
307 796 367 864 ἐιδν
387 802 586 887 μνηστῆρσιν
608 795 796 886 ὁμιλήσειεν
814 795 1002 879 Ὀδυσσεύς·

198 899 319 978 πάντες
339 896 371 964 κ’
395 896 558 987 ὠκύμοροί
578 925 615 966 τε
634 896 785 965 τενοίατο
807 896 1015 987 πικρόταμοί
1035 922 1081 965 τε.

197 1002 300 1066 ταῖτα
322 998 353 1066 δ’
378 998 458 1085 ἅμ’
480 1000 618 1090 εἰρωτᾷς
639 999 696 1066 καὶ
717 998 862 1081 λίσσεαι,
886 998 946 1068 ούκ
968 995 1009 1068 δν
1029 996 1096 1067 ἐστί
1116 1022 1157 1066 τε

199 1096 282 1167 άλλα
303 1102 410 1186 παρὲκ
432 1100 586 1187 εείποιμι
610 1102 832 1188 παρακλιδόν,
856 1098 929 1168 οὐδ’
953 1097 1129 1189 άπατήσω,

146 1228 185 1267 ιω
198 1199 281 1268 άλλδ
302 1204 344 1268 τά
364 1204 424 1286 μέν
444 1228 504 1287 μοι
527 1199 642 1269 ἔεειπε
662 1201 766 1288 κέρων
787 1200 879 1282 ἅλιος
900 1200 1071 1292 νημερτής,

198 1310 263 1369 τῶν
284 1301 379 1371 οὐδέν
398 1327 451 1370 τοι
474 1303 537 1371 ἐπιδ
559 1303 676 1388 κρύφια
697 1301 798 1383 τέπος
820 1300 892 1370 οὐδ’
914 1303 1089 1371 ἐπικεύσω.

199 1406 246 1495 φῆ
266 1430 325 1489 μιν
347 1404 366 1472 δ’
386 1402 418 1472 τ’
440 1402 473 1471 ἐν
494 1405 582 1493 νήσῳ
602 1404 728 1470 τιδέειν
748 1401 878 1493 κρατέρ’
901 1401 991 1471 άλνά
1014 1402 1144 1487 ἔχοντα,

199 1504 326 1593 νύμφης
346 1504 380 1572 ἐν
401 1505 575 1590 μετάρσιοι
597 1505 791 1591 Καλυψοῦς,
813 1502 835 1592 ῆ
855 1530 914 1589 μιν
934 1501 1059 1594 άνάτκη

200 1603 296 1689 ἴσχει.
342 1601 361 1672 ίί
385 1604 417 1673 δ’
439 1604 476 1673 ού
499 1598 635 1672 δύναται
655 1606 715 1694 τήν
737 1604 884 1692 πατρίδα
905 1611 1004 1673 ταῖαν
1025 1604 1178 1675 ίκύσθαι·

149 1733 188 1773 ιιι
204 1704 241 1772 ού
261 1707 324 1793 τάρ
345 1733 400 1775 τοι
423 1707 515 1796 πάρα
536 1708 609 1794 νῆες
631 1705 811 1795 ἐπήρετμοι
834 1707 891 1774 καὶ
913 1705 1051 1794 ἑταῖροι,

202 1810 238 1875 σί
257 1808 310 1876 κέν
330 1835 387 1893 μιν
408 1809 575 1893 πέμποιεν
597 1805 652 1875 ἐπ>
674 1806 768 1895 εύρέα
790 1811 877 1875 νῶτα
899 1806 1092 1900 θαλάσσηςῖ

201 1902 246 1989 ὦς
267 1907 363 2000 ἔφατ’
385 1908 556 2001 Ἀτρεΐδης
579 1912 800 1997 δουρικλειτὸς
822 1910 1001 1990 Μενέλαος.

201 2016 305 2080 ταῖτα
325 2014 519 2102 τελευτήσας
540 2013 670 2102 νεόμην·
694 2009 814 2079 ἔδοσαν
836 2011 874 2079 δέ
893 2038 954 2096 μοι
977 2005 1072 2099 ούρσν

202 2112 384 2195 ἀθάνατοι,
406 2115 459 2182 τοί
480 2113 516 2199 μ’
540 2108 611 2180 ὦκα
633 2112 731 2204 φίλην
752 2112 787 2192 ἐς
807 2111 943 2198 πατρίδ’
967 2110 1152 2204 ἔπεμψαν.”

150 2246 188 2287 ιω
244 2208 289 2296 ὦς
310 2217 411 2307 φάτο,
432 2219 473 2305 τῆ
496 2214 529 2282 δ’
552 2212 616 2303 δι’ρα
637 2217 747 2299 θυμδν
767 2215 816 2284 ἐνί
840 2215 1021 2304 στήθεσσιν
1042 2211 1156 2303 δ’ρινεν.

201 2323 289 2385 τοῖσι
312 2318 428 2384 δὲκαὶ
449 2317 626 2401 μετέεειπε
650 2318 871 2401 Θεοκλύμενος
892 2316 1071 2406 θεστειδής

197 2412 250 2484 “03
271 2418 366 2484 τύναι
390 2416 501 2508 αἰδοίη
524 2419 744 2507 Λαερτιάδεω
764 2416 934 2507 Ὀδυσῆος,

202 2513 297 2609 ῆτοι
321 2517 389 2587 ὅτ’
414 2517 452 2588 ού
475 2520 568 2610 σάφα
588 2523 713 2602 τοῖδεν,
736 2520 827 2605 ἐμεῖο
850 2521 887 2587 δὲ
908 2520 1029 2589 σύνθεο
1050 2522 1171 2605 μῦθον·

204 2618 363 2710 ἀτρεκέως
382 2623 445 2710 τάρ
466 2648 520 2691 τοι
542 2623 765 2707 μαντεύσομαι
787 2619 858 2690 οὐδ’
882 2621 1058 2691 ἐπικεύσω.

152 2748 190 2788 ιω
203 2722 307 2791 τίστω
327 2726 381 2791 νῦν
402 2726 485 2805 Ζεύς
506 2728 624 2811 πρῶτα
645 2727 743 2802 θεῶν,
766 2722 853 2813 ξενίη
874 2749 911 2792 τε
931 2723 1095 2812 τράπεζα,

203 2822 291 2915 ἱστίη
313 2822 344 2891 τ’
363 2822 520 2915 Ὀδυσῆος
541 2825 708 2910 ἀμύμονος
729 2820 767 2914 ῆν
788 2823 957 2915 άφικάνω,

204 2926 249 3007 ὡς
271 2919 292 3014 ή
313 2953 368 2993 τοι
386 2924 539 3007 Ὀδυσεύς
559 2923 622 3016 ῆδη
645 2922 679 2993 ἓν
701 2925 841 3013 πατρίδι
862 2923 955 3018 ταίη,

204 3023 361 3117 ῆμενοςῆ
384 3027 506 3118 ἕρπων,
528 3029 608 3094 τάδε
630 3028 838 3112 πευθόμενος
858 3030 945 3094 κακὰ
965 3026 1080 3114 τέρεα,

205 3127 308 3209 ἐστιν,
333 3126 416 3218 ἀτὰρ
437 3132 617 3219 μνηστῆρσι
640 3131 740 3197 κακδν
761 3129 924 3197 πάντεσσι
945 3124 1107 3218 φυτεύει.”

152 3257 191 3295 ιεε
246 3231 304 3299 τδν
325 3227 356 3297 δ’
381 3224 457 3298 αι’τε
479 3233 684 3318 προσέεειπε
705 3229 876 3321 περίφρων
897 3230 1109 3321 Πηνελόπεια

201 3329 257 3400 “sl
277 3334 340 3419 τδρ
361 3335 473 3412 τοῦτο,
497 3333 591 3414 ξεῖνε,
613 3331 717 3411 τύπος
738 3333 963 3416 τετελεσμένον
985 3328 1051 3419 εἴη·

206 3436 253 3522 τη]
276 3459 313 3500 κε
332 3433 417 3515 τάχα
437 3431 546 3520 τνοίης
567 3432 730 3522 φιλότητά
751 3458 787 3499 τε
808 3431 916 3500 πολλά
937 3457 973 3499 τε
994 3433 1084 3519 δῶρα

154 3566 193 3607 ιω
207 3536 245 3618 ἐξ
264 3537 354 3622 ἐμεῦ,
377 3532 423 3615 ὡς
445 3530 485 3601 άν
506 3534 557 3615 τίς
579 3560 617 3602 σε
637 3534 871 3619 συναντόμενος
890 3529 1099 3621 μακαρίζοι.”

248 3631 292 3718 ὥς
313 3634 348 3704 οἳ
364 3636 425 3721 μὲν
444 3639 582 3704 τοιαῦτα
605 3638 690 3723 πρδς
711 3632 868 3723 ἀλλήλους
891 3630 1062 3720 άνόρευον,

205 3741 383 3828 μνηστῆρες
405 3739 441 3805 δὲ
464 3738 632 3827 πάροιθεν
651 3734 828 3825 Ὀδυσσῆος
848 3736 1010 3822 μετάρσια

208 3840 374 3909 δίσκοισιν
395 3840 555 3928 τέρποντο
577 3840 632 3907 καὶ
656 3836 845 3924 αίτανέησιν
868 3834 982 3915 λέντες,

207 3942 241 4009 ἐν
261 3945 368 4030 τυκτῷ
390 3941 541 4029 δαπέδῳ,
565 3940 628 4007 ὅθι
651 3963 713 4024 περ
736 3939 843 4025 πάρος
865 3938 960 4025 ὕβριν
981 3934 1122 4018 ἔχεσκον.

156 4066 194 4105 ιτο
209 4039 282 4108 ἀλλ’
305 4043 360 4110 ὅτε
384 4044 421 4130 δή
447 4042 642 4130 δείπνηστος
664 4036 721 4127 ἔην
742 4040 798 4105 καί
820 4038 970 4127 ἐπήλυθε
991 4040 1080 4125 μῆλα

246 4286 292 4337 160
310 4290 389 4337 τοῖον
406 4282 477 4337 ἐνὼν
494 4282 598 4336 ολωνόυ
614 4281 769 4351 ἐυσσέλμου
787 4279 833 4334 ἐπὶ
853 4276 919 4344 νηός

316 4366 417 4439 ἥμενος
435 4365 602 4438 ἐφρασάμην·
619 4370 663 4418 καὶ
684 4364 838 4436 Τηλεμάχῳ
856 4361 1014 4417 ἐτετάνευν.
