2858 5026
490 286 513 333 6.
552 281 794 334 omnum
814 285 835 334 Z

69 465 98 505 ω
112 436 157 525 βῆ
178 431 210 501 δ’
233 432 319 502 ἱέναι
342 437 401 502 du}
424 432 557 520 δώμαθ’
580 433 625 502 ἵν’
647 432 809 502 ἀττείλειε
829 412 992 514 τοκεῦσιν,

111 537 217 624 πατρί
238 535 327 627 φίλην
349 536 405 604 καί
427 535 542 626 μητρί·
563 537 724 626 κιχήσατο
746 534 779 603 δ’
801 533 892 603 ἔνδον
912 533 1033 613 ἐόντας.

109 632 133 727 ἡ
152 638 211 722 μὲν
232 635 289 705 ἐπ’
311 637 430 728 ἐσχάρη
452 631 534 728 ἡστο
556 640 613 705 οὑν
635 636 866 729 ἀμφιπόλοισι
886 633 1048 716 τοναιξίν,

110 736 261 829 ἡλοίκατα
282 736 456 830 στρωφῶσ’
478 735 706 828 ἁλιπόρφυρα·
728 741 776 827 τῷ
799 739 836 805 δὲ
857 737 983 825 θύραζε

110 841 272 931 ἐρχομένῳ
293 842 457 929 ξύμβλητο
478 844 561 926 μετά
583 843 731 921 κλειτοὺς
752 843 916 929 βασιλῆας

70 969 99 1012 τε
112 941 147 1023 ἐς
166 942 303 1032 βουλήν,
326 946 380 1009 ἵνα
401 969 459 1028 μιν
480 942 598 1010 κάλεον
621 941 765 1031 Φαίηκες
786 939 914 1009 ἀναυοί.

109 1037 132 1135 ἡ
153 1043 192 1112 δέ
212 1041 292 1128 μόλ’
315 1041 392 1126 ἀτχι
413 1047 521 1113 στᾶσα
542 1043 640 1135 φίλον
661 1042 791 1132 πατέρα
813 1041 1033 1130 προσένειπεν

105 1140 259 1213 “noima
280 1143 361 1234 φίλ’,
384 1142 442 1213 οὐκ
464 1143 504 1212 ἀν
526 1145 567 1235 δή
588 1171 648 1231 μοι
670 1143 912 1234 ἐφοπλίσσειας
934 1141 1061 1234 ἀπήνην

109 1242 241 1337 ὑψηλήν
262 1243 429 1328 ἐύκυκλον,·
452 1250 506 1313 ἵνα
527 1248 628 1314 κλυτά
648 1243 779 1331 ,πώματ’
801 1243 934 1331 ἀνωμαι

110 1346 145 1428 ἐς
165 1349 317 1434 ποταμόν
338 1348 533 1431 πλυνέουσα,
555 1348 597 1415 τά
618 1373 679 1433 μοι
700 1349 912 1436 ῥερυπωμένα
932 1352 1049 1414 κεῖται.

69 1478 98 1518 ευ
111 1450 169 1517 καί
192 1450 229 1518 δέ
250 1449 306 1518 σοί
328 1449 417 1539 αὐτῷ
439 1449 548 1519 ἐτοικε
568 1452 652 1535 μετὰ
674 1448 859 1537 πρώτοισιν
880 1448 975 1515 ἐόντα

110 1553 231 1639 βουλὰς
251 1554 418 1636 βουλεύειν
439 1554 575 1642 καθαρά
596 1553 671 1638 χροῒ
690 1548 821 1636 πώματ’
844 1547 968 1632 ἔχοντα.

110 1653 210 1721 πέντε
231 1654 269 1723 δέ
289 1679 344 1722 τοι
366 1652 459 1744 φίλοι
481 1647 550 1733 υἷες
571 1653 619 1720 ἐνί
641 1652 797 1739 μετάροις
816 1650 988 1734 τετάασιν,

64 1766 70 1777 “
111 1751 144 1821 οἱ
165 1752 216 1821 δύ’
238 1750 423 1837 ὀπυίοντες,
445 1759 532 1844 τρεῖς
555 1751 586 1820 δ’
608 1750 723 1842 ήίθεοι
744 1753 963 1831 θαλέθοντες·

111 1852 148 1922 οἳ
165 1853 198 1922 δ’
221 1854 288 1925 αἰεί
309 1856 468 1925 ἐθέλουσι
488 1855 651 1922 νεόπλυτα
671 1850 802 1938 ,πώματ’
825 1850 951 1936 ἔχοντες

69 1983 97 2024 ει
110 1956 145 2036 ἐς
164 1958 262 2045 χορόν
283 1955 451 2045 ἔρχεσθαι.
495 1958 536 2024 τά
560 1954 591 2023 δ’
613 1956 676 2045 ἐμῇ
698 1954 792 2045 φρενί
815 1953 924 2021 πάντα
944 1950 1111 2042 μέμηλεν.”

152 2051 198 2137 ὥς
219 2056 332 2148 ἔφατ’·
356 2058 468 2128 αίόετο
488 2060 550 2146 τάρ
572 2059 716 2146 θαλερόν
736 2056 840 2141 νόμον
861 2055 1050 2145 ἐξονομῆναι

110 2160 213 2247 πατρί
236 2160 333 2250 φίλῳ.
377 2157 396 2230 ὃ
419 2163 457 2230 δι’
478 2160 588 2227 πάντα
609 2158 691 2242 νόει,
714 2159 772 2225 καί
793 2157 949 2243 ἀμείβετο
971 2156 1072 2246 μύθῳ

106 2257 204 2328 ((οίίτε
224 2286 278 2328 τοι
299 2258 444 2351 ἡμιόνων
465 2263 618 2354 φθονέω,
640 2263 748 2342 τέκος,
773 2256 847 2329 ούτε
867 2285 921 2326 τευ
944 2255 1053 2326 ἀλλον.

111 2358 217 2451 ἔρχευ·
240 2360 323 2451 ἀτείρ
344 2390 400 2433 τοι
423 2368 530 2451 δμῶες
551 2362 812 2455 ἐφοπλίσσουσιν
833 2359 962 2450 ἀπήνην

69 2488 97 2528 το
109 2460 239 2553 ὑψηλήν
259 2463 426 2544 ἐύκυκλον,
448 2461 623 2555 ὑπερτερίῃ
645 2460 830 2553 ἀραρυῖαν.”

152 2555 196 2643 ὦς
216 2565 344 2631 εειπών
365 2565 530 2652 δμώεσσιν
551 2565 712 2645 ἐκέκλετο,
735 2565 789 2631 τοὶ
811 2564 849 2630 δέ
869 2561 1026 2630 πίθοντο.

110 2660 148 2732 οἳ
165 2667 224 2750 μὲν
246 2660 298 2754 ἀρ’
320 2666 415 2747 ἐκτός
437 2663 565 2751 ἀμαξαν
586 2666 737 2752 ἐύτροχον
757 2661 927 2754 ἡμιονείην

111 2764 252 2847 ώπλεον,
275 2765 431 2856 ἡμιόνους
452 2765 492 2836 θ’
513 2766 643 2835 ὕπατον
665 2766 777 2849 ζεῦξάν
797 2764 836 2834 θ’
860 2763 920 2832 ὑπ’
943 2761 1067 2854 ἀπήνη·

110 2866 209 2957 κούρη
232 2865 266 2935 δ’
287 2868 323 2936 ἐκ
344 2870 517 2955 θαλάμοιο
539 2870 636 2961 φέρεν
656 2876 808 2958 τεσθῆτα
830 2866 975 2958 φαεινήν.

70 2968 169 3036 τεκαὶ
190 2970 250 3059 τήν
269 2970 329 3055 μὲν
350 2971 532 3061 κατέθηκεν
552 2971 684 3062 ἐυξέστη
708 2967 765 3039 ἐπ’
788 2967 913 3060 ἀπήνη,

109 3066 216 3157 μήτηρ
239 3065 271 3136 δ’
293 3069 327 3139 ἐν
347 3069 443 3161 κίστη
467 3071 564 3161 ἐτίθη
586 3069 767 3157 μενοεεικέ
790 3070 916 3161 ἐδωδήν

111 3168 284 3259 παντοίην,
306 3170 341 3238 ἐν
363 3169 394 3239 δ’
418 3170 490 3262 όψα
511 3171 609 3262 τίθη,
632 3172 665 3241 ἐν
688 3171 719 3241 δ’
742 3167 830 3240 οἶνον
851 3169 958 3254 ἔχευεν

112 3268 206 3359 ἀσκῷ
226 3270 261 3341 ἐν
282 3270 415 3363 αίτείῳ·
437 3275 537 3366 κούρη
561 3274 593 3343 δ’
615 3272 793 3365 ἐπεβήσετ’
816 3273 952 3364 ἀπήνης.

111 3373 213 3440 όώκεν
235 3374 272 3441 δέ
291 3375 408 3467 χρυσέη
431 3376 464 3444 ἐν
485 3377 621 3467 ληκύθῳ
642 3376 740 3464 ὑτρόν
760 3375 884 3459 ἐλαιον,

71 3500 98 3541 ευ
111 3477 188 3556 εἵως
207 3476 412 3559 χυτλώσαιτο
432 3479 491 3545 σὺν
513 3475 743 3569 ἀμφιπόλοισι
764 3478 919 3560 τυναιξίν.

108 3569 131 3666 ἡ
153 3573 187 3644 δ’
209 3574 324 3665 ἐλαβεν
345 3578 490 3664 μάστιτα
511 3580 569 3646 καί
591 3576 667 3668 ἡνία
687 3580 897 3660 σιταλόεντα,

109 3678 268 3761 μάστιξεν
289 3677 319 3747 δ’
343 3680 455 3748 ἐλάαν·
478 3681 600 3769 καναχὴ
624 3677 655 3746 δ’
678 3674 718 3768 ἡν
738 3678 916 3768 ἡμιόνοιιν.

111 3776 151 3845 ἀί
168 3777 204 3848 δ’
226 3778 348 3866 ἀμοτον
368 3783 537 3863 τανύοντο,
561 3780 663 3872 φέρον
685 3778 719 3848 δ’
740 3781 870 3870 ἐσθῆτα
892 3784 950 3850 κάί
972 3779 1083 3871 αὑτήν,

111 3877 171 3948 ούκ
191 3878 277 3971 οίην·
301 3882 370 3969 ἀμα
390 3885 431 3973 τῇ
451 3883 569 3952 τεκαὶ
591 3879 783 3974 ἀμφίπολοι
805 3883 877 3952 κίον
898 3882 1005 3952 ἀλλον.

70 4008 98 4049 ει
154 3980 193 4051 αἳ
210 3982 243 4051 δ’
266 3984 320 4054 ὅτε
342 3987 381 4075 δή
404 3991 570 4072 ποταμοῖο
592 3986 669 4077 ῥόον
690 3985 880 4074 περικαλλέ’
904 3990 1027 4069 ἵκοντο,

111 4080 185 4153 ἐνθ’
208 4080 230 4176 ἡ
250 4111 305 4154 τοι
327 4089 444 4156 πλυνοί
465 4081 549 4177 ἦσαν
570 4086 778 4177 ἐπητετανοί,
801 4089 887 4156 πολὺ
910 4087 941 4156 δ’
963 4087 1052 4176 ὕδωρ

109 4188 210 4255 καλὸν
229 4185 451 4279 ὑπεκπρορέει
471 4189 562 4275 μάλα
582 4214 646 4278 περ
669 4190 843 4279 ῥυπόωντα
864 4192 1027 4279 καθῆραι,

109 4285 184 4358 ἕνθ’
207 4293 246 4357 αί
263 4287 297 4356 τ’
319 4289 474 4380 ἡμιόνους
493 4291 553 4376 μὲν
573 4289 841 4379 ὑπεκπροέλυσαν
863 4290 999 4384 ἀπήνης.

108 4390 167 4458 καί
187 4393 247 4471 τοὶς
266 4394 325 4479 μὲν
346 4400 444 4460 σεῦαν
465 4394 617 4478 ποταμὸν
638 4394 731 4483 πείρα
753 4394 903 4485 δινήεντα
