2858 5026
491 290 514 336 7.
551 283 799 337 mmm
818 286 844 337 11

115 440 304 529 τετράπους·
326 438 405 527 περὶ
427 435 459 505 δ’
483 437 576 527 έρκος
597 437 750 527 ἐλήλαται
773 435 1019 529 ἀμφοτέρωθεν.

115 541 200 613 ἔνθα
221 545 260 613 δὲ
282 543 415 632 δένδρεα
436 541 546 629 μακρὰ
566 540 737 630 πεφύκασι
758 541 988 628 τηλεθόωντα,

59 674 97 716 ιιι
117 642 232 732 ότχναι
253 646 311 712 καί
333 642 424 733 ῥοιαὶ
444 641 503 708 καὶ
523 641 643 731 μηλέαι
664 639 894 730 άτλαόκαρποι

114 747 230 816 συκέαι
250 772 286 814 τε
307 744 460 834 ιλυκεραί
482 744 539 810 καὶ
562 742 671 810 ἐλαῖαι
696 743 914 834 τηλεθόωσαι.

113 849 202 918 τάων
224 844 263 915 ού
284 872 369 914 ποτε
389 845 518 933 καρπός
539 841 726 911 ἀπόλλυται
749 842 825 913 οὐδ’
848 843 1026 912 ἀπολείπει

114 947 270 1034 χείματος
292 946 368 1018 ούδέ
388 946 516 1035 θέρευς,
540 944 734 1032 ἐπετήσιος·
758 943 840 1013 άλλά
860 944 937 1031 μόλ’
958 944 1026 1014 αἰεί

117 1048 250 1141 ζεφυρίη
273 1047 431 1117 πνείουσα
451 1047 573 1132 τὰμὲν
594 1046 673 1137 φύει
696 1045 779 1115 άλλα
802 1048 839 1115 δέ
860 1048 989 1115 πέσσει.

62 1183 102 1222 ιεο
115 1148 210 1240 ότχνη
233 1149 288 1220 ἐπ’
312 1147 407 1240 όιχνη
429 1148 600 1240 νηράσκει,
623 1151 726 1238 μῆλον
749 1147 781 1216 δ’
803 1148 863 1217 ἐπὶ
883 1149 991 1238 μήλῳ,

114 1249 215 1341 αύτάρ
237 1251 296 1320 ἐπὶ
319 1254 472 1342 σταφυλῇ
494 1250 659 1340 σταφυλή,
683 1253 780 1318 σῦκον
801 1248 831 1317 δ’
855 1251 915 1319 ἐπὶ
938 1251 1036 1338 σύκῳ.

114 1350 199 1421 ἔνθα
222 1353 259 1421 δέ
279 1378 334 1419 τοι
356 1353 570 1439 πολύκαρπος
593 1349 681 1441 ἀλωή
705 1349 889 1439 ἐρρίζωται,

113 1456 172 1545 τῆς
194 1454 304 1542 ἕτερον
324 1454 383 1538 μέν
404 1449 446 1521 θ’
468 1450 643 1520 εῖλόπεδον
666 1454 770 1542 λευρηῖ
792 1452 840 1520 ἐνὶ
861 1453 956 1542 χώρῳ

113 1555 264 1645 τέρσεται
287 1553 406 1643 ηἐλίῳ,
428 1552 540 1642 ἑτέρας
562 1551 595 1620 δ’
618 1550 682 1643 άρα
703 1580 740 1621 τε
760 1555 952 1642 τρυτόωσιν,

64 1687 102 1728 ιεε
117 1656 219 1738 άλλας
241 1658 278 1726 δὲ
297 1658 494 1743 τραπέουσι·
518 1655 670 1743 πάροιθε
692 1655 730 1724 δέ
748 1653 781 1723 τ’
803 1653 952 1747 όμφακες
973 1655 1057 1726 εἰσίν

114 1758 219 1839 άνθος
242 1757 410 1849 ἀφιεῖσαι,
435 1757 546 1846 έτεραι
569 1755 601 1823 δ’
622 1756 916 1846 ὑποπερκάζουσιν.

114 1857 197 1927 ἔνθα
220 1860 258 1926 δὲ
278 1860 443 1949 κοσμηταὶ
465 1859 611 1948 πρασιαὶ
633 1860 725 1946 παρά
747 1857 875 1925 νείατον
898 1856 992 1949 όρχον

114 1966 272 2027 παντοῖαι
294 1961 471 2049 πεφύασιν,
494 1960 694 2049 έπηεετανόν
714 1959 891 2028 νανόωσαι.

115 2061 150 2130 ἐν
172 2061 208 2128 δέ
231 2060 299 2128 δύω
321 2064 437 2151 κρῆναι
457 2054 480 2152 η’
499 2059 608 2147 μέντ’
633 2057 696 2128 άνολ
717 2063 823 2151 κῆπον
845 2061 977 2129 ἅπαντα

58 2195 97 2234 ιεο
117 2162 304 2243 σκίδναται,
326 2158 349 2253 ἢ
371 2161 402 2229 δ’
422 2160 586 2252 ἑτέρωθεν
605 2160 665 2230 ὑπ’
689 2160 789 2252 αύλῆς
810 2162 907 2231 ούδόν
928 2166 1019 2253 ῖησιν

115 2266 200 2352 πρὸς
222 2264 325 2350 δόμον
345 2263 485 2354 ὑψηλόν,
509 2263 593 2333 ὅθεν
613 2262 785 2349 ὑδρεύοντο
807 2266 953 2333 πολῖται.

112 2363 177 2434 τοῖ’
200 2362 252 2455 άρ’
275 2365 308 2433 ἐν
332 2363 521 2461 Ἀλκινόοιο
543 2366 632 2432 θεῶν
654 2361 732 2432 έσαν
754 2362 863 2432 άνλαά
885 2367 984 2455 δῶρα.

156 2465 241 2535 ἔνθα
262 2468 343 2547 στάς
365 2472 484 2559 θηεῖτο
506 2466 672 2546 πολύτλας
695 2468 766 2546 δῖος
783 2464 966 2549 Ὀδυσσεύς.

115 2567 217 2657 αύτάρ
240 2568 317 2636 ἐπεὶ
339 2570 379 2657 δή
402 2570 512 2635 πάντα
532 2570 600 2656 νεῷ
620 2567 775 2656 θηήσατο
796 2572 911 2657 θυμῷ,

57 2701 95 2742 ωε
116 2668 332 2762 καρπαλίμως
354 2666 437 2755 ὑπὲρ
460 2667 558 2737 ούδδν
578 2668 716 2757 ἐβήσετο
739 2667 891 2752 δώματος
912 2668 1002 2738 εἴσω

118 2765 190 2862 εὗρε
212 2773 249 2840 δὲ
271 2770 428 2860 Φαιήκων
449 2768 613 2859 ήτήτορας
633 2765 696 2858 ήδέ
716 2769 875 2853 μέδοντας

115 2875 315 2953 σπένδοντας
337 2871 518 2940 δεπάεσσιν
540 2869 693 2958 ἐυσκόπῳ
717 2867 930 2961 άρνεϊφόνιη,

115 2966 143 3064 ᾧ
166 2974 306 3064 πυμάτῳ
328 2973 538 3054 σπένδεσκον,
563 2969 618 3039 ὅτε
638 2973 821 3062 μνησαίατο
842 2972 962 3042 κοίτου.

115 3073 217 3162 αότολρ
240 3068 261 3142 ό
281 3077 326 3164 βῆ
348 3076 406 3142 διὰ
429 3075 526 3158 δῶμα
548 3073 713 3153 πολύτλας
735 3075 807 3155 δῖος
826 3071 996 3157 Ὀδυσσεύς

56 3211 94 3250 ιω
115 3179 240 3267 πολλήν
261 3174 327 3267 ἠέρ’
351 3173 445 3258 έχων,
468 3173 507 3265 ἥν
527 3199 584 3243 τοι
606 3173 772 3265 περίχευεν
793 3173 934 3268 Ἀθήνη,

112 3277 190 3371 όφρ’
212 3275 293 3347 ἵκετ’
317 3275 457 3368 Ἀρήτην
477 3300 514 3342 τε
534 3274 593 3342 καὶ
618 3271 785 3344 Ἀλκίνοον
804 3281 959 3368 βασιλῆα.

112 3386 200 3478 άμφὶ
223 3384 257 3454 δ’
280 3383 335 3474 ἄρ’
357 3383 497 3474 Ἀρήτης
518 3383 602 3469 βάλε
621 3383 758 3451 εούνασι
779 3390 889 3473 χεῖρας
908 3384 1095 3467 Ὀδυσσεύς,

112 3490 170 3557 καί
191 3489 268 3556 τότε
290 3487 330 3576 δή
353 3484 382 3574 ρ’
407 3483 521 3554 αὐτοῖο
544 3483 648 3552 πάλιν
668 3485 747 3568 χύτο
768 3487 943 3578 θέσφατος
965 3485 1036 3576 άήρ.

113 3589 150 3660 οἳ
171 3587 203 3658 δ’
226 3587 311 3679 άνεῳ
333 3587 481 3656 ἐπένοντο
504 3587 606 3673 δόμον
627 3587 713 3654 κάτα
735 3590 831 3678 φιῖπα
852 3590 1016 3671 νιδόντες,

54 3719 93 3761 ιω
113 3692 287 3776 θαύμαζον
310 3688 345 3759 δ’
367 3689 534 3781 ὁρόωντες.
579 3687 598 3757 ὃ
620 3689 658 3757 δέ
678 3688 843 3758 λιτάνευεν
862 3689 1036 3771 Ὀδυσσεύς

107 3789 126 3816 “
134 3788 253 3881 Ἀρήτη
276 3793 422 3883 θύτατερ
441 3789 631 3884 Ῥηξήνορος
652 3788 840 3873 άντοθέοιο,

112 3893 171 3960 σόν
191 3917 227 3959 τε
249 3892 350 3961 πόσιν
372 3894 415 3962 σά
435 3918 472 3961 τε
491 3889 633 3962 νούναθ’
658 3889 760 3961 ῖκάνω
782 3895 891 3961 πολλοὶ
912 3893 1073 3983 μοι-νήσας,

113 3995 236 4063 τούσδε
256 4018 293 4060 τε
315 3995 528 4080 δαιτυμόνας,
551 4000 658 4063 τοῖσιν
679 3994 757 4064 θεοὶ
781 3993 880 4083 όλβια
903 3999 989 4064 δοῖεν

116 4097 289 4181 ζωέμεναι,
312 4095 369 4163 καὶ
392 4096 511 4162 παισίν
531 4093 727 4188 ἐπιτρέψειε
748 4097 906 4177 εέκαστος
969 4122 971 4126 ·

59 4233 98 4275 ιω
111 4197 249 4290 κτήματ’
273 4197 320 4266 ἐνί
341 4197 531 4287 μενάροισι,
553 4198 651 4286 τέρας
672 4197 710 4265 θ’
735 4197 788 4266 ότι
812 4202 917 4290 δῆμος
938 4195 1067 4268 ἔδωκεν.

113 4299 214 4388 αύτδρ
237 4300 311 4384 έμοὶ
336 4301 474 4390 πομπήν
496 4296 644 4388 ὀτρύνετε
665 4297 803 4387 πατρίδ’
826 4297 963 4369 ἱκέσθαι

111 4404 258 4486 θᾶσσον,
281 4402 358 4471 ἐπεὶ
380 4404 420 4493 δή
444 4402 536 4493 δηθά
558 4400 665 4492 φίλων
686 4397 757 4468 άπο
779 4401 919 4493 πήματα
939 4399 1085 4489 πάσχω.”
