2858 5026
499 281 539 328 19.
577 277 828 330 ΟΔὙΣΣΕΙΑΣ
851 281 874 328 '1'

135 425 287 493 πλείοσιν
308 420 330 514 ῆ
351 425 484 512 έχομαι·
506 425 529 518 ῆ
549 431 612 518 τάρ
635 429 724 520 δίκη,
749 426 879 497 ὁππότε
902 427 1030 517 πάτρης

133 531 192 616 τῆς
215 525 355 618 ἀπέῃσιν
376 527 454 619 ἀνήρ
476 529 597 598 τόσσον
618 533 730 619 χρόνον
753 529 852 599 ὅσσον
873 531 937 597 ἐτιί
960 532 1027 611 νῦν,

82 658 120 695 ιω
134 631 243 694 πολλὰ
264 636 390 716 βροτῶν
412 632 472 697 ἐπὶ
492 629 606 699 τάστέ
629 630 806 717 ἀλιόμενος,
831 630 931 698 δίλτεα
953 631 1097 712 πάσχων.

133 727 214 795 ἀλλά
236 733 292 796 καί
315 724 359 810 οἷς
379 732 480 818 τερέω
504 732 523 799 ό
543 731 580 817 μ’
604 731 751 820 ἀνείρεαι
772 731 834 822 ήδέ
855 735 1026 821 μεταλλᾷς.

133 832 246 920 Κρήτη
268 857 320 911 τις
339 831 408 898 ναῖ’
432 831 516 914 ἐστι,
540 834 630 922 μέσην
654 835 702 901 ἐνὶ
723 834 859 901 τσίνοπι
883 833 1006 920 πόντῳ,

134 934 215 1020 καλή
237 932 295 998 καὶ
317 932 445 1019 πίειρα,
469 933 674 1022 περίρρυτος·
696 934 730 1001 ἐν
753 933 785 1000 δ)
808 930 986 1018 δίνθρωποι

134 1032 267 1114 πολλοί,
291 1030 493 1123 ἀπειρέσιοι,
516 1036 574 1102 καὶ
596 1036 767 1125 ἐννήκοντα
789 1037 922 1124 πόληες,

82 1163 120 1201 σε
135 1131 215 1223 άλλη
239 1131 271 1201 δ’
295 1132 401 1201 ἀλλων
421 1139 554 1203 τλῶσσα
575 1137 774 1226 μεμιτμένη·
797 1137 830 1203 ἐν
851 1138 909 1219 μὲν
932 1133 1077 1218 Ἀχαιοί,

133 1235 166 1302 ἐν
189 1234 221 1302 δ’
241 1233 443 1326 Ἐτεόκρητες
463 1239 695 1327 μεταλήτορες,
719 1239 752 1305 ἐν
775 1238 811 1304 δέ
833 1238 985 1317 Κύδωνες

133 1337 281 1425 Δωριέες
300 1364 337 1405 τε
357 1339 523 1426 τριχάικες
546 1338 616 1407 δῖοί
635 1366 672 1407 τε
693 1337 869 1406 Πελαστοί.

133 1447 209 1528 τῇσι
233 1437 262 1504 δ’
287 1436 335 1505 ένι
357 1442 493 1519 Κνωσός
512 1442 637 1530 μετάλη
660 1441 774 1521 πόλις,
799 1438 885 1507 ἐνθα
905 1465 941 1506 τε
962 1438 1081 1521 Μίνως

133 1540 287 1626 ἐννέωρος
307 1539 460 1627 βασίλευε
482 1542 568 1621 Διὸς
588 1541 732 1624 μετάλσυ
754 1541 941 1628 τσαριστής,

80 1672 119 1710 ιεο
134 1642 258 1728 πατρὸς
280 1639 372 1726 ἐμοῖο
394 1642 516 1731 πατήρ,
539 1642 734 1727 μεταθύμου
757 1640 991 1721 Δευκαλίωνος.

133 1741 325 1808 Δευκαλίων
347 1739 379 1810 δ’
401 1740 452 1827 ἔμ’
476 1741 582 1809 ἐτικτε
604 1746 661 1809 καὶ
680 1740 847 1832 Ἰδομενῆα
868 1742 1027 1809 τάνακτα·

134 1839 205 1908 ἀλλ’
230 1838 248 1909 ὃ
270 1843 328 1927 μέν
350 1844 384 1911 έν
405 1845 518 1932 νήεσσι
540 1843 696 1931 κορωνίσι
717 1842 832 1910 Κίλιον
854 1841 934 1910 είσω

134 1941 236 2031 ᾤχεθ’
261 1942 319 2028 ἀμ’
341 1942 561 2032 Ἀτρεΐδῃσιν,
585 1944 661 2029 ἐμοὶ
685 1942 717 2011 δ>
741 1941 843 2029 όνσμα
865 1945 979 2011 κλυτὸν
999 1943 1141 2029 Αἴθων,

133 2044 313 2131 ὁπλότερος
333 2049 440 2134 τενεῆ·
464 2042 484 2113 δ
506 2043 538 2113 δ)
561 2042 626 2131 δίρα
647 2046 809 2134 πρότερος
829 2046 886 2112 καί
908 2042 1034 2132 ἀρείων.

80 2180 117 2219 ιιι
132 2144 205 2214 ἐνθ’
225 2144 366 2236 Ὀδυσῆα
388 2145 453 2215 ἐπδ
473 2147 614 2236 τιδόμην
635 2148 693 2214 καὶ
715 2144 809 2227 ξείνι’
832 2144 949 2213 έδωκα.

131 2251 188 2315 καὶ
209 2250 271 2336 τάρ
293 2251 350 2316 τόν
372 2248 543 2338 Κρήτηνδε
563 2238 727 2337 κατήτατε
747 2248 801 2327 τίς
823 2244 969 2332 ἀνέμοιο,

130 2350 278 2433 τιέμενον
304 2349 461 2439 Τροίηνδε
482 2349 752 2435 παραπλάτξασα
774 2351 950 2416 Μαλειῶν·

132 2454 232 2540 στῆσε
254 2449 284 2517 δ’
308 2451 342 2518 έν
364 2449 525 2539 Ἀμνισῷ,
549 2450 612 2519 όθι
632 2478 669 2519 τε
691 2450 794 2531 σπέος
815 2450 1024 2539 Εἰλειθυίης,

131 2552 165 2618 ἐν
185 2553 317 2637 λιμέσιν
336 2556 525 2636 χαλεποῖσι,
547 2553 646 2636 μότις
669 2551 699 2620 δ’
722 2550 886 2633 ὑπάλυξεν
908 2549 1033 2630 ἀέλλας.

79 2688 118 2726 190
133 2650 251 2719 αύτίκα
274 2651 307 2719 δ)
326 2650 493 2742 Ἰδομενῆα
514 2653 659 2736 μετάλλα
680 2649 819 2719 τάστυδ
843 2649 1005 2718 ἀνελθών·

131 2756 232 2834 ξεῖνον
252 2753 315 2840 τάρ
337 2780 393 2820 τοι
416 2752 541 2842 ἔφασκε
563 2751 660 2841 φίλον
680 2750 711 2818 τ’
737 2751 812 2836 ἔμεν
834 2752 962 2819 αἰδοῖόν
982 2777 1027 2818 τε.

130 2857 176 2943 τῷ
199 2853 229 2920 δ’
252 2852 315 2943 ῆδη
340 2855 457 2943 δεκάτη
481 2851 504 2943 ῆ
526 2852 679 2942 ἑνδεκάτη
703 2853 800 2921 πέλεν
821 2850 888 2942 ηἰύς

132 2955 291 3044 οἰχομένῳ
315 2958 372 3022 σύν
392 2958 485 3044 νηυσὶ
507 2957 662 3044 κορωνίσι
686 2953 799 3023 Κίλισν
821 2953 911 3022 εἴσω.

130 3060 188 3123 τδν
208 3057 266 3142 μέν
287 3056 351 3123 ἐικύ
375 3059 459 3145 πρὸς
481 3054 609 3142 δώματ’
632 3054 720 3124 όίτων
742 3057 776 3123 ἐύ
799 3056 976 3137 ἐξείνισσα,

80 3193 117 3231 ωε
131 3158 288 3238 ἐνδυκέως
310 3157 446 3246 φιλέων,
470 3161 601 3226 πολλῶν
621 3159 704 3224 κατά
726 3164 838 3224 τοῖκον
859 3157 990 3224 ἐόντων·

130 3260 186 3326 καλ
208 3265 263 3326 τοῖ
283 3265 352 3338 τοῖς
372 3256 405 3325 τ’
429 3257 543 3338 ἀλλοις
565 3257 710 3348 ἑτάροις,
734 3256 771 3327 οἳ
791 3257 850 3344 ἀμ’
874 3257 963 3347 αὐτῷ
985 3258 1118 3344 ἐπσντσ,

131 3360 279 3450 δημόθεν
301 3357 413 3449 ἄλφιτ’
438 3358 546 3428 ἔδωκα
568 3362 626 3428 καὶ
648 3358 783 3430 αἴθοπα
804 3364 913 3428 τοίνυν
936 3357 1070 3451 ἀνείρας

131 3464 188 3528 καλ
211 3464 290 3547 βοῦς
312 3459 526 3551 ἱρεύσασθαι,
550 3466 605 3530 ἳνα
627 3464 814 3553 πλησαίατο
835 3463 953 3548 θυμόν.

131 3563 215 3631 ένθα
238 3563 386 3630 δυώδεκα
407 3565 467 3648 μὲν
488 3564 584 3648 μένον
604 3562 714 3654 ῆματα
737 3567 805 3632 δῖοι
829 3564 976 3647 Ἀχαιοί·

77 3700 118 3738 τοι
131 3663 234 3732 τείλει
255 3665 318 3751 τδρ
341 3664 469 3754 Βορέης
491 3661 610 3749 δίνεμσς
631 3665 745 3750 μέτας,
770 3662 841 3731 οὐδ’
865 3665 923 3732 ἐπὶ
945 3664 1023 3756 ταίη

132 3765 185 3834 ε’ία
207 3769 386 3846 ἵστασθαι,
408 3767 553 3850 χαλεπὸς
575 3765 613 3833 δέ
633 3791 686 3845 τις
707 3763 808 3852 ὤρορε
831 3765 973 3849 δαίμων·

130 3871 171 3958 τῆ
192 3865 447 3957 τρισκαιδεκάτῃ
471 3865 503 3934 δ’
527 3864 643 3952 ἀνεμος
664 3867 759 3947 πέσε,
780 3867 834 3933 τοὶ
858 3864 889 3930 δ)
913 3863 1098 3935 ἀνάτοντσ.”

174 3968 268 4038 τίσκε
290 3969 417 4056 ψεύδεα
439 3971 549 4037 πολλὰ
571 3970 673 4037 λέν-ων
694 3967 867 4052 ἐτύμοισιν
889 3966 1004 4053 ὁμοῖα·

131 4074 189 4160 τῆς
212 4069 244 4138 δ’
267 4068 322 4156 όίρ>
345 4068 525 4158 ἀκουούσης
547 4071 600 4159 ῥέε
622 4070 764 4158 δάκρυα,
785 4069 903 4157 τήκετο
926 4071 963 4136 δέ
983 4069 1076 4158 χριός.

78 4205 117 4245 τοι
132 4172 177 4252 ὥς
200 4173 236 4240 δέ
257 4173 336 4256 χιών
357 4167 551 4258 κατατήκετ’
574 4170 608 4237 ἐν
630 4168 870 4256 ἀκροπόλοισιν
892 4167 1034 4258 όρεσσιν,

131 4275 171 4365 ῆν
190 4273 222 4342 τ’
244 4268 350 4362 Εύρσς
370 4272 540 4364 κατέτηξεν
562 4271 646 4362 έπῆν
666 4271 817 4362 Ζέφυρος
838 4273 1014 4361 καταχεύῃ·
1063 4325 1067 4331 .

131 4376 309 4468 τηκομένης
331 4372 362 4442 δ’
386 4371 450 4464 ἀρα
470 4376 529 4464 τῆς
549 4373 698 4459 ποταμοὶ
720 4375 893 4464 πλήθουσι
917 4377 1054 4463 ῥέοντες·
