2894 5024
202 258 267 323 206
565 261 605 308 ιε.
643 258 889 308 omnam
908 257 936 308 n

193 409 400 489 ανιννιόσκιο,
425 410 569 500 φρονέω·
591 408 634 475 τά
655 435 693 476 τε
716 411 755 498 δή·
780 410 902 477 νοέοντι
926 407 1076 488 κελεύεις.

199 507 266 576 ἄλλ’
289 506 348 577 ῖίιε
368 536 425 595 μοι
450 509 530 577 τόδε
550 510 650 577 εειπδ
672 511 727 577 καί
751 508 911 596 ἀτρεκέως
932 508 1124 591 κατάλεξον,

197 608 219 700 ἢ
240 612 295 678 καί
319 611 454 702 Λαέρτη
478 608 578 700 αότήν
601 609 676 678 ὁδόν
698 606 834 690 άτνελος
854 608 945 678 έλθω

199 713 369 800 δυσμόρῳ,
394 709 430 792 ὃς
451 711 546 791 τείως
566 713 624 796 μέν
644 710 820 801 Ὀδυσσῆος
841 710 918 796 μέτ’
941 710 1064 796 α’χεόων

147 843 184 880 ιιο
196 814 295 901 τέρεα
316 811 347 880 τ’
370 814 608 895 ἐποπτεύεσκε,
631 817 714 899 μετὰ
737 816 855 899 δμώων
875 812 907 881 τ’
930 814 976 881 ἐνί
998 813 1103 902 εοίκῳ

197 921 272 982 πῖνε
294 916 349 982 καὶ
371 911 454 1004 ἦσθ’
477 915 533 983 ὅτε
555 918 665 1002 θυμός
686 917 733 984 ἐνὶ
757 917 939 1007 στήθεσσιν
961 915 1098 983 άνιόνοι·

198 1016 300 1105 αι’·τάρ
323 1020 388 1096 νῦν,
412 1017 448 1098 ἐξ
468 1010 506 1084 οὗ
529 1016 568 1085 σά
589 1044 627 1084 τε
649 1014 732 1106 ᾤχεο
754 1019 805 1106 νηὶ
827 1018 991 1097 Πύλονδε,

198 1116 236 1185 οίῖ
258 1119 312 1185 πιό
334 1117 391 1202 μίν
412 1142 516 1207 φασιν
537 1118 683 1207 φανέμεν
704 1119 761 1186 καὶ
785 1118 903 1204 πιέμεν
926 1115 1046 1200 αῖίτως,

199 1217 268 1286 οὐδ’
292 1219 351 1286 ἐπὶ
372 1220 474 1307 τέρεα
495 1223 612 1295 νιδεῖν,
637 1216 719 1286 άλλδ
742 1221 882 1308 στοναχῇ
904 1244 940 1285 τε
960 1217 1029 1308 νόηι
1050 1245 1086 1287 τε

146 1346 185 1386 ιιι
200 1313 297 1411 ἧσται
322 1317 530 1407 ὀδυρόμενος,
554 1322 719 1410 φθινάθει
744 1318 776 1388 δ’
801 1318 887 1410 ἄμφ’
909 1317 1066 1410 ὀστεόφιν
1085 1319 1202 1409 χριός.”

239 1424 297 1488 τόν
319 1419 351 1487 δ’
374 1414 414 1488 αι’·
442 1423 631 1510 Τηλέμαχος
652 1423 858 1506 πεπνυμένος
880 1413 991 1489 άντίον
1012 1417 1097 1511 ηίίδα

192 1520 346 1604 “ῖίλιιον,
371 1520 440 1589 ἄλλ’
462 1520 569 1611 έμπης
589 1549 648 1607 μιν
668 1523 821 1608 ἐάσομεν,
844 1520 1016 1607 άχνόμενοί
1036 1546 1114 1612 περ·

198 1622 227 1692 εἰ
248 1625 311 1710 νάρ
334 1649 406 1704 πως
427 1621 477 1713 εἴη
501 1621 682 1714 αότάνρετα
704 1624 814 1692 πάντα
835 1630 1014 1714 βροτοῖσιν,

199 1725 329 1814 πρῶτόν
350 1751 404 1792 κεν
423 1729 482 1792 τοῦ
506 1728 631 1812 πατρὸς
653 1724 815 1811 ἑλοίμεθα
836 1727 991 1810 νόστιμον
1012 1717 1109 1814 ἦμαρ.

145 1858 184 1897 ιιι
199 1823 281 1894 άλλά
303 1827 343 1894 σό
364 1825 397 1893 s'
421 1824 575 1907 άννείλας
597 1825 708 1896 όπίσιο
730 1828 794 1909 κίε,
816 1830 902 1918 μηδέ
923 1823 996 1895 κατ’
1018 1822 1136 1917 άτροός

197 1928 388 2010 πλάζεσθαι
411 1926 484 2014 μετ’
507 1929 639 1997 ἐκεῖνον·
662 1926 745 2017 άτάρ
769 1931 852 2019 πρὸς
871 1928 997 2018 μητέρα
1017 1934 1148 1996 νειπεῖν

197 2028 391 2122 άμφίπολον
412 2031 532 2120 ταμίην
554 2029 722 2119 ὀτρυνέμεν
745 2029 816 2098 όττι
839 2030 980 2114 τάχιστα

197 2133 350 2221 κρύβδην·
373 2130 462 2221 κείνη
484 2133 546 2219 ιάρ
569 2159 623 2200 κεν
645 2131 859 2200 άπαιτείλειε
879 2128 1037 2218 sewu?

238 2225 260 2320 ή
282 2239 338 2319 ῥα,
361 2234 418 2299 καὶ
440 2226 526 2319 ὦρσε
547 2234 729 2323 συφορβόν·
752 2233 773 2301 δ’
796 2231 827 2300 δ’
850 2236 956 2301 εἵλετο
976 2232 1068 2318 χερσί
1090 2233 1233 2315 πέδιλα,
1280 2302 1285 2309 ,

146 2357 183 2397 ιιι
199 2331 379 2420 δησάμενος
401 2329 432 2398 δ’
454 2331 522 2398 ὑπὸ
544 2335 648 2401 ποσσὶ
671 2331 804 2400 πόλινδ’
828 2331 886 2401 λέν.
931 2331 968 2400 οό
994 2331 1002 2356 ’
1025 2329 1078 2421 ἄρ’
1100 2330 1250 2425 Ἀθήνην

197 2434 298 2520 ληθεν
320 2429 391 2498 άπδ
413 2440 581 2518 σταθμοῖο
602 2436 684 2501 κιιδν
702 2432 857 2519 Ἐόμαιος
878 2432 1037 2524 ὑφορβός,

197 2530 264 2600 άλλ’
288 2532 308 2622 ή
328 2559 365 2600 νε
387 2535 503 2616 σχεδόν
525 2528 623 2624 ήλθε·
647 2536 747 2621 δέμας
769 2533 801 2603 δ’
824 2533 940 2624 ἤεικτο
959 2535 1092 2603 τυναικί

197 2638 279 2726 καλῇ
301 2661 337 2703 τε
357 2638 482 2726 μενάλη
504 2662 541 2704 τε
562 2638 618 2704 καὶ
642 2634 749 2705 άνλαά
770 2636 870 2724 τέρεα
890 2636 1013 2727 ειδυίη.

197 2738 257 2825 στῆ
281 2737 319 2803 δέ
340 2736 413 2803 κατ’
437 2736 615 2826 ἀντίθυρον
636 2736 766 2826 κλισίης
786 2736 920 2827 Ὀδυσῆι
943 2743 1092 2827 φανεῖσα.

145 2835 234 2906 ιεοοά
258 2835 266 2860 ’
289 2833 354 2922 άρα
380 2838 568 2928 Τηλέμαχος
588 2838 680 2906 είδεν
702 2837 825 2921 άντίον,
850 2837 927 2906 οὐδὲ
950 2840 1076 2928 νόησεν·

198 2936 236 3005 ου’·
257 2940 320 3026 νάρ
343 2967 397 3006 πιο
420 2941 579 3007 πάντεσσι
602 2942 679 3008 θεοί
702 2939 876 3029 φαίνονται
899 2941 1056 3027 ἐναρνεῖς·

197 3036 266 3106 ἀλλ’
286 3037 437 3120 Ὀδυσεός
457 3066 493 3107 τε
515 3040 606 3120 κόνις
626 3067 662 3108 τε
682 3040 790 3122 είδον,
813 3041 871 3108 καί
892 3040 923 3130 ρ’
946 3040 1004 3126 οόχ
1025 3041 1177 3126 ὑλάοντο,

196 3143 372 3231 κνυζηθμηῖ
396 3141 428 3209 δ’
450 3139 590 3226 ἑτέρωσε
613 3145 670 3209 διὰ
692 3149 862 3226 σταθμοῖο
883 3143 1045 3233 φόβηθεν.

197 3237 217 3332 ή
261 3241 270 3266 ’
293 3241 347 3328 ίίρ’
370 3242 426 3311 ἐπ’
449 3241 568 3333 όφρόσι
594 3246 698 3312 νεῦσε·
721 3245 816 3333 νόησε
838 3246 876 3313 δέ
898 3247 968 3325 δῖος
985 3242 1173 3328 Ὀδυσσεύς,

145 3373 183 3412 ιει
197 3344 233 3411 ἐκ
256 3343 290 3411 δ’
312 3339 413 3434 ήλθεν
433 3346 593 3431 μειάροιο
615 3347 720 3433 παρὲκ
741 3347 829 3431 μένα
849 3344 972 3429 τειχίον
994 3344 1106 3436 αὐλῆς,

197 3449 257 3535 στῆ
281 3448 317 3515 δὲ
340 3444 485 3535 πάροιθ’
510 3444 615 3536 αι’τής.
658 3450 716 3514 τόν
738 3448 775 3514 δὲ
797 3447 1018 3535 προσέεειπεν
1038 3445 1166 3538 Ἀθήνη

192 3545 361 3629 ί(διονενός
383 3548 595 3638 Λαερτιάδη,
619 3546 825 3637 πολυμήχαν’
845 3547 1014 3628 Ὀδυσσεῦ,

197 3647 258 3740 ήδη
281 3654 335 3717 νῦν
356 3659 406 3739 σηῖ
428 3652 529 3718 παιδὶ
550 3651 654 3731 εέπος
675 3650 745 3740 φάο
766 3648 846 3739 μηδ’
870 3649 1047 3730 ἐπίκευθε,

196 3749 241 3833 ὡς
262 3748 302 3818 δίν
322 3760 520 3841 μνηστῆρσιν
542 3751 687 3819 θάνατον
708 3753 763 3818 καὶ
787 3749 860 3839 κῆρ’
883 3749 1041 3840 άραρόντε

144 3885 183 3923 ιιο
197 3851 359 3943 ἔρχησθον
381 3855 480 3941 προτί
501 3854 605 3921 νάστυ
628 3852 830 3940 περικλυτόν.
877 3850 949 3919 οὐδ’
972 3854 1036 3921 ἐπιδ
1059 3850 1141 3942 αι’τή

197 3958 294 4044 δηρόν
317 3952 387 4022 άπό
409 3957 519 4045 σφῶιν
540 3953 659 4039 ε”σομαι
683 3961 827 4039 μεμαυῖα
848 3951 1048 4037 μάχεσθαι.”

239 4050 272 4145 ή,
296 4058 352 4124 καὶ
373 4056 505 4144 χρυσείη
529 4057 644 4145 ῥάβδῳ
668 4054 874 4140 ἐπεμάσσατ’
897 4054 1033 4146 Ἀθήνη.

195 4167 302 4247 φᾶρος
321 4160 381 4242 μέν
401 4185 458 4227 τοι
482 4162 612 4246 πρῶτον
634 4159 789 4237 ἐυπλυνὲς
810 4155 870 4246 ήδέ
892 4160 1014 4241 χιτῶνα

195 4256 278 4347 θῆκ’
300 4256 388 4349 άμφὶ
410 4261 588 4349 στήθεσσι,
611 4259 714 4345 δέμας
736 4258 767 4325 δ’
791 4255 917 4348 ὤφελλε
939 4259 995 4325 καί
1016 4257 1107 4350 ήβην.

144 4388 182 4429 ιιι
197 4356 249 4445 ι’ίφ
272 4360 309 4427 δὲ
329 4362 546 4450 μελαιχροιής
565 4361 690 4442 νένετο,
713 4361 861 4444 νναθμοὶ
885 4360 923 4426 δὲ
944 4361 1120 4441 τάνυσθεν,
