2858 5026
221 284 244 348 4

221 439 259 501 Ε.
318 426 535 522 ΚαλυφσίᾸς
521 426 643 516 άντρον.
685 421 866 499 Ὀδυσσέως
888 419 1012 503 σχεδία.
1324 422 1343 481 5

290 553 437 620 έκκλησίαν
454 553 508 605 τῶν
525 550 600 604 θεῶν
617 545 749 615 δευτέραν
767 537 958 612 ποιησάμενος
975 561 991 593 ο
982 539 1075 599 “Ζεῦς
1089 538 1195 638 Ερμῆν
1213 542 1321 610 πέμπει

321 631 394 706 πρὸς
411 629 537 699 Καλυψὼ
554 623 670 682 κελεύων
692 623 878 694 ἀποπέμπειν
894 620 945 675 τδν
960 617 1104 675 Ὀδυσσέα.
1141 641 1157 688 η
1151 617 1209 673 δὲ
1226 619 1258 673 τδ
1276 637 1321 673 κε-

319 713 437 766 λευσδὲν
455 715 541 764 ποιεῖ.
575 711 609 781 τῇ
626 707 657 761 δὲ
669 699 888 773 ὀκτωκαιδεκάτῃ
907 697 996 771 ἡμέρᾳ
1008 699 1078 756 ίδδιν
1090 698 1200 755 αύτδν
1187 720 1202 753 ο
1216 705 1320 754 Ποσει-

320 792 379 846 δῶν
390 795 436 844 καλ
444 785 606 861 χαλεπήνας
616 784 674 841 λύει
685 789 735 854 τήν
747 785 871 855 σχεδίαν.
904 778 964 836 ’1νώ
977 779 1054 834 δὲ’
1021 800 1095 877 αυτρ
1083 781 1210 835 δίδωσι
1222 779 1320 853 κρήδε-

318 890 400 942 μνον,
419 871 594 941 ἐντειλαμένη
612 863 740 936 ἐπιβάντι
757 867 805 932 τῆς
818 859 1133 933 τήςάπορριψαιαύτό.
1170 861 1318 916 καὶπολλὰ

321 953 424 1008 παθὼν
442 954 481 1011 είς
497 950 548 1019 τήν
564 951 620 1004 τῶν
639 943 774 1001 Φαιάκων
786 941 885 1036 χώραν
904 941 1012 1014 ἔρχεται
1030 942 1190 1003 διασωθείς.

221 1079 259 1139 Ζ.
314 1067 496 1150 Ὀδυσσέως
519 1065 635 1160 άφιξις
657 1062 705 1145 εἷς
728 1059 889 1140 Φαίακας.
1322 1063 1341 1124 6

287 1188 469 1245 Ναυσικάα’
457 1213 473 1260 η
494 1188 617 1245 Ἀλκίνου
638 1181 765 1255 θυτάτηρ
782 1179 839 1238 ὑπὸ
863 1179 974 1255 ὀνείρου
991 1188 1187 1281 προτρριπεῖσα
1205 1184 1253 1237 ίπλ
1270 1183 1320 1237 τὸν

320 1270 453 1344 ποταμόν
466 1269 573 1326 κάτεισι
588 1267 733 1324 πλυνοῦσα
742 1263 792 1332 τήν
801 1263 916 1330 ἐσθῆτα.
937 1261 1009 1334 μετὰ
1020 1263 1089 1318 δέ
1061 1282 1093 1317 το
1104 1265 1207 1318 πλῦναι
1216 1260 1319 1317 παιδιά

319 1369 361 1410 τις
372 1347 460 1404 ὁποία
478 1351 552 1410 είκὸς
568 1347 616 1405 διδι
639 1350 762 1420 σφαίρας
778 1346 839 1401 ταῖς
860 1339 956 1413 κόραις
972 1347 1087 1397 σίνεται.
1120 1339 1270 1403 Ὀδυσσεὺς
1287 1343 1318 1398 δὲ

319 1427 443 1503 θορύβου
464 1434 618 1503 πενομένου
638 1430 808 1491 διυπνίσδη,
835 1425 881 1476 καλ
904 1423 1022 1489 έσθήτος
1051 1422 1142 1494 τυχόν
1161 1428 1247 1521 μέχρι
1270 1427 1318 1478 τοῦ

319 1511 366 1577 τῆς
385 1506 503 1580 Ἀθηνᾶς
520 1506 634 1583 ἱεροῦ,ι
625 1505 640 1563 6
658 1506 715 1580 πρὸ
733 1506 780 1572 τῆς
797 1498 937 1563 πόλεως
923 1522 964 1571 ην,
983 1501 1122 1558 συνάδευε
1140 1507 1173 1578 τῇ
1190 1501 1268 1578 κόρη.

218 1634 263 1695 Η.
309 1623 490 1703 Ὀδυσσέως
512 1620 644 1701 είσοδος
666 1624 752 1710 πρδς
772 1619 948 1689 Ἀλκίνουν.
1323 1631 1340 1688 7

195 1778 201 1785 ·
288 1746 392 1815 Ἀθηνᾶ
411 1751 450 1805 εί,Ι
467 1744 517 1813 τήν
542 1740 627 1797 πόλιν
644 1746 864 1814 παρατενομένηι
879 1739 1012 1799 Ὀδυσσεῖ
1034 1741 1144 1812 ὑπαντᾷ
1166 1748 1213 1796 καὶ
1236 1741 1317 1805 6616-

320 1842 400 1883 σαντι
422 1828 547 1881 δείκνυσι
567 1822 617 1878 τὸν
636 1820 761 1877 Ἀλκίνου
783 1823 873 1890 οίκον,
897 1825 937 1883 είς
954 1819 987 1878 ὃν
1009 1821 1146 1877 είσελθών
1169 1820 1319 1884 Ὀδυσσεύς

318 1912 493 1977 προσπίπτει
511 1911 571 1964 τοῖς
587 1906 636 1971 τῆς
655 1901 768 1973 Ἀρήτης
783 1901 898 1971 τόνασι,
921 1909 967 1958 καλ
990 1903 1081 1958 δεῖται
1102 1901 1186 1973 αὐτῆς
1203 1909 1318 1976 πέμψαι

318 1984 403 2040 αὐτὸν
420 1991 460 2047 είς
476 1984 526 2054 τήν
543 1984 675 2054 πατρίδα.
712 1981 871 2051 ἀναστήσας
888 1984 919 2038 δέ
937 1981 1022 2038 αὐτὸν
1040 1982 1055 2038 6
1071 1983 1210 2046 Ἀλκίνους
1228 2006 1318 2060 παρα-

317 2070 425 2128 καθίζει
442 2064 517 2133 αύτῷ
534 2067 580 2117 καλ
597 2064 715 2119 δεῖπνον
734 2068 859 2136 παρέχει.
894 2062 911 2132 ή
930 2064 961 2118 δέ
975 2060 1072 2134 Ἀρήτη
1089 2068 1252 2138 θεασαμένη
1270 2064 1320 2133 τήν

318 2147 425 2214 ίσθῆτα
443 2142 616 2200 πυνθάνεται
629 2141 722 2196 πόθεν
735 2144 823 2213 ἔσχεν.
860 2139 875 2197 6
894 2143 925 2196 δὲ
944 2144 1080 2210 διητεῐται
1092 2145 1188 2206 αὐτοῖς
1198 2145 1248 2201 τὸν
1260 2144 1318 2200 άπὸ

317 2226 471 2292 Καλυψοῦς
488 2226 579 2277 πλοῦν
600 2226 646 2275 καλ
663 2220 695 2276 τὸ
713 2220 866 2294 πενόμενον
887 2221 1024 2279 ναυάτιον
1040 2230 1087 2279 καὶ
1109 2225 1159 2294 τήν
1181 2225 1253 2298 πρὸς
1271 2224 1318 2281 αύ-

318 2303 384 2365 τούς
401 2301 499 2376 άφιξιυ
515 2305 561 2357 καλ
580 2298 625 2357 ότι
643 2302 755 2368 δεηθείς
771 2301 934 2363 Ναυσικάας
952 2303 1029 2373 ἔλαβε
1047 2307 1096 2374 τήν
1112 2307 1228 2377 ἐσθῆτα.

221 2441 260 2505 Θ.
316 2433 498 2516 ’Ὀδυσσέως
521 2433 679 2514 σύστασις
700 2434 786 2521 πρὸς
807 2431 968 2517 Φαίακας.
1321 2448 1340 2509 8

285 2558 416 2624 ίκκλησία
431 2561 539 2611 πίνεται
556 2558 611 2611 τῶν
630 2553 765 2610 Φαιάκων
781 2557 847 2626 περὶ
864 2559 914 2609 τοῦ
932 2559 1020 2624 ξένου,
1038 2561 1085 2612 καὶ
1102 2563 1169 2621 ναῦς
1186 2566 1317 2617 gamm.

317 2658 363 2691 ται
381 2635 453 2709 πρὸς
469 2635 621 2709 έκπομπήν
638 2639 687 2690 τοῦ
703 2633 866 2698 Ὀδυσσέως,
885 2640 930 2689 καλ
942 2639 1089 2694 ἑστιῶνται
1101 2639 1178 2715 παρά
1197 2645 1237 2712 τῷ
1257 2640 1316 2698 Ἀί-

317 2724 384 2789 κίνηι
407 2720 462 2774 τιῦν
480 2715 614 2773 Φαιάκων
635 2720 665 2772 οἱ
685 2715 805 2790 ἄριστοι.
841 2719 888 2770 καί
909 2716 980 2789 μετά
1002 2723 1088 2773 ταῦτα
1111 2721 1199 2792 δίσκῳ
1217 2720 1318 2780 άτωνί-

317 2803 409 2864 ζονται
429 2804 553 2859 Φαίακες
570 2802 615 2852 καλ
636 2795 793 2857 Ὀδυσσεύς.
828 2796 907 2850 καλό
927 2798 1096 2871 Δημόδοκος
1117 2796 1180 2870 ᾅδει
1202 2806 1319 2906 πρῶτοχ

316 2881 416 2953 μὲν
387 2901 420 2934 τα
440 2886 506 2954 περὶ
523 2899 575 2948 την
591 2884 722 2949 μοιχείαν
739 2875 838 2950 Ἀρεως
859 2881 905 2931 καλ
926 2878 1101 2951 Ἀφροδίτης,
1120 2883 1216 2938 ἔπειτα
1235 2886 1265 2940 δὲ
1284 2887 1317 2940 τὰ

317 2965 383 3034 περὶ
404 2959 454 3028 τήν
477 2957 633 3027 είσατωτήν
658 2959 707 3011 τοῦ
729 2957 860 3028 δουρείου
882 2961 983 3014 ἵππου.
1024 2965 1070 3015 καὶ
1092 2966 1143 3017 τοῦ
1163 2961 1318 3028 Ὀδυσσέως

316 3039 492 3102 κλαίοντος“
479 3060 494 3094 ο
514 3035 654 3100 Ἀλκίνους
670 3036 844 3095 πυνθάνεται
864 3040 912 3093 διά
932 3047 960 3095 τί
975 3044 1064 3098 κλαίει
1081 3048 1127 3119 καὶ
1144 3052 1186 3106 τίς
1202 3050 1248 3102 καὶ
1266 3046 1317 3104 n6·

316 3129 370 3177 θεν
387 3126 438 3187 εἴη.

215 3248 236 3310 1
244 3234 348 3310 -Μ,
392 3236 542 3308 Ἀλκίνου
565 3235 741 3318 άπόλοτσς.
1302 3254 1385 3317 942

214 3403 240 3465 1.
297 3394 510 3463 Κυκλώπεια.
1317 3410 1337 3469 9

281 3514 352 3586 ‘²026
371 3518 427 3571 τῶν
441 3512 596 3574 Ὀδυσσέως
613 3509 800 3585 διητημάτων,
819 3514 850 3569 έν
867 3510 910 3576 οἷς
927 3522 997 3589 φησὶ
1014 3522 1240 3592 πεπολεμηκέναι
1256 3527 1316 3582 τοῖς

313 3603 416 3651 Κίκοσι
435 3600 480 3650 καλ
500 3596 573 3666 πρὸς
589 3593 655 3653 τοῦς
671 3591 872 3666 Λωτοφάτουε
889 3599 1108 3692 παρατενέσδαι,
1127 3598 1209 3656 καλ”
1192 3622 1236 3656 οτι
1253 3604 1313 3659 616-
1399 3602 1402 3609 ⁸

313 3680 407 3774 φλωσε
424 3676 475 3730 τὸν
491 3672 635 3730 Κύκλωπα
648 3672 833 3747 Πολύφημον,
852 3673 934 3729 καλ
917 3696 953 3737 ως
970 3678 1074 3740 ἐκεῖνος
1090 3687 1248 3756 κατέφατεν
1265 3681 1314 3739 αύ-

312 3760 362 3812 τοῦ
379 3757 409 3821 ἓξ
425 3757 552 3861 ἑταίρους
569 3754 627 3812 άπὸ
647 3754 756 3812 δώδεκα
775 3755 975 3815 συνελθόντων.

211 3880 254 3943 Κ.
307 3876 349 3943 τά
371 3876 451 3967 περὶ
471 3875 606 3945 Αἰόλου
627 3876 685 3943 καὶ
692 3875 967 3966 Λαιστρυτόυων
988 3879 1045 3948 καί
1067 3880 1201 3975 Κίρκης.
1318 3898 1356 3960 10

279 3996 312 4051 τά
331 4001 396 4067 περὶ
414 3997 463 4052 τὸν
474 4000 584 4054 Ἀίολον
600 3996 770 4053 άπαττέλλει
785 3996 836 4052 τὸν
853 4001 909 4053 τῶν
926 3996 1037 4074 άνέμων
1054 4001 1208 4076 φύλακα,ι
1190 4024 1226 4066 ως
1243 4005 1313 4061 ἔδω-

310 4094 358 4131 κεν
371 4073 504 4132 Ὀδυσσεῖ
518 4076 582 4134 ἔν’
566 4096 644 4150 ασκηι
632 4076 789 4176 άνίμους·
807 4078 939 4142 λύσαντες
956 4083 1000 4136 δέ
998 4086 1035 4138 οἱ
1046 4085 1152 4158 ἑταῖροι
1170 4091 1311 4161 κοιμωμέ-

309 4175 362 4212 νου
376 4154 563 4222 ΗΟδυσσέως
549 4163 742 4218 υπονοστοῦσι
759 4160 832 4235 πρὸς
847 4165 966 4216 Αίολον.
1002 4164 1084 4219 καλ’
1066 4185 1103 4226 ως
1120 4169 1159 4228 είς
1170 4174 1314 4239 Λαιστρυ-

309 4244 409 4295 τονίαν
427 4236 576 4312 ἀφίκοντο,
602 4245 672 4299 ἔνθα
689 4241 787 4298 ἕνδεκα
809 4245 877 4303 ναῦς
894 4241 1047 4301 άπάλεσεν.
1081 4251 1128 4301 καὶ
1150 4243 1204 4304 ὅσα
1223 4249 1314 4305 έπασε

310 4316 387 4388 παρὰ
410 4327 501 4417 Κίρκη
522 4321 772 4421 μεταμορφωσάση
791 4321 878 4380 αὐτοῦ
897 4325 967 4386 τούς
984 4327 1111 4399 ἑταίρους
1133 4334 1174 4391 είς
1195 4331 1245 4392 σῦς
1267 4334 1313 4385 καλ

311 4396 397 4456 πάλιν
412 4397 520 4477 ἄνδρας
536 4404 690 4478 ποιησάσῃ.
724 4404 807 4459 καλ”
789 4425 869 4466 οπως
886 4403 971 4468 αὐτὸς
988 4407 1089 4480 ταύτην
1106 4411 1223 4485 διέφυγε
1240 4409 1311 4489 παρ’
1380 4415 1387 4426 “
