2858 5026
491 307 515 352 7.
551 299 800 352 oA‘rmlAz
818 300 845 349 H

114 449 226 542 ύίρινεν
248 454 286 521 δὲ
306 452 482 521 θάλασσαν
504 449 713 543 ἀθέσφατον,
736 449 814 519 οὐδέ
834 476 869 517 τι
890 452 977 535 κόμα

115 552 169 622 ε’ία
190 552 249 622 ἐπί
271 552 401 642 σχεδίης
424 550 522 620 άδινά
544 555 740 636 στενάχοντα
761 555 936 643 φέρεσθαι.

62 685 100 726 τω
113 657 172 745 τήν
192 655 252 740 μέν
274 652 393 721 ἔπειτα
414 653 538 720 θύελλα
560 652 761 723 διεσκέδαά·
785 652 886 742 αὐτάρ
909 652 973 722 ἐιαί
994 681 1032 722 τε

114 756 289 846 νηχόμενος
309 754 396 838 μέτα
417 755 539 839 λαῖτμα
561 754 750 840 διέτματον,
773 753 862 846 όφρα
883 782 924 841 με
945 755 1023 845 ταίη

115 854 254 944 ’ὑμετέρῃ
277 853 442 923 ἐπέλασσε
463 855 569 946 φέρων
592 851 709 940 ἀνεμός
728 882 765 924 τε
785 859 842 924 καὶ
865 857 961 944 ύδωρ.

117 954 203 1024 ένθα
223 956 261 1024 κέ
279 953 317 1041 μ’
338 953 531 1042 ἐκβαίνοντα
552 956 695 1046 βιήσατο
715 955 790 1043 κῦμ’
812 957 870 1025 ἐπὶ
891 959 1023 1045 χέρσον,

120 1056 243 1148 πέτρης
263 1058 349 1146 πρὸς
368 1058 531 1148 μετάλησι
553 1058 655 1144 βαλὸν
676 1057 734 1124 καί
757 1054 894 1146 ἀτερπέι
915 1056 1024 1146 χοίρῳ·

65 1189 104 1230 τεο
119 1155 192 1226 ἀλλ’
214 1156 480 1245 ἀναχασσάμενος
500 1167 595 1250 νῆχον
616 1159 731 1238 πάλιν,
755 1150 821 1238 εἷος
842 1157 993 1249 ἐπῆλθον

117 1260 151 1340 ές
172 1261 334 1347 ποταμόν,
357 1265 398 1352 τῇ
419 1262 459 1352 δή
480 1288 540 1348 μοι
563 1260 715 1335 ἐνεείσατο
736 1262 842 1348 χῶρος
864 1256 1011 1348 ἀριστος,

115 1365 201 1443 λεῖος
221 1363 384 1452 πετράων,
407 1365 465 1432 καί
486 1364 546 1432 ἐπὶ
568 1365 697 1444 σκέπας
718 1357 757 1453 ἦν
779 1359 922 1449 ἀνέμοιο.

115 1463 151 1530 ἐκ
173 1461 204 1530 δ’
228 1462 347 1533 ἔπεσον
366 1467 595 1555 θνμητερέων,
618 1465 677 1533 ἐπί
699 1462 733 1531 δ’
756 1461 920 1554 ἀμβροσίη
942 1465 1000 1548 νύξ

116 1561 227 1652 ἤλυθ’.
272 1566 336 1634 ἐπιδ
360 1564 390 1633 δ’
415 1564 586 1636 ἀπάνευθε
608 1565 780 1646 διιπετέος
802 1572 970 1652 ποταμοῖο

63 1696 102 1736 ωε
117 1666 217 1752 ἐκβάς
239 1666 272 1732 ἐν
293 1667 459 1753 θάμνοισι
479 1640 699 1755 κατέδραθόν,
722 1664 811 1756 ἀμφὶ
835 1668 872 1735 δέ
894 1667 1002 1757 φύλλα

114 1765 304 1857 ἠφυσάμην·
325 1768 429 1836 ύπνον
451 1769 488 1836 δέ
508 1770 592 1847 θεὸς
612 1765 686 1835 κατ’
709 1765 858 1852 ἀπείρον’
882 1765 997 1850 ἔχευεν.

115 1867 200 1936 ένθα
219 1868 279 1954 μέν
301 1868 334 1934 ἐν
355 1868 528 1957 φύλλοισι,
553 1866 651 1958 φίλον
671 1866 858 1955 τετιημένος
880 1860 973 1955 ἦτορ,

117 1961 210 2034 εὗδον
231 1967 408 2050 παννύχιος
429 1968 486 2035 καί
508 1965 564 2036 ἐπ’
588 1965 637 2056 ήιό
657 1967 715 2034 καὶ
736 1965 836 2051 μέσον
856 1961 971 2056 ἦμαρ.-

117 2067 234 2136 δόσετό
255 2065 286 2134 τ’
307 2066 430 2160 ήέλιος,
454 2067 511 2136 καί
531 2095 573 2154 με
594 2069 710 2147 τλυκύς
731 2066 833 2147 ὕπνος
855 2065 983 2157 ἀνῆκεν,

60 2206 101 2245 290
116 2167 330 2260 ἀμφιπόλους
352 2169 384 2238 δ’
407 2171 467 2240 ἐπί
489 2173 564 2239 θινὶ
585 2179 661 2260 τεῆς
682 2171 803 2262 ἐνόησα
824 2171 991 2259 θντατρός

113 2271 312 2354 παιζούσας,
335 2273 369 2340 ἐν
391 2270 423 2340 δ’
446 2270 525 2363 αύτή
549 2269 604 2362 ἔην
624 2277 753 2339 τεικοῖα
773 2274 902 2362 θεῇσιν.

112 2374 170 2462 τήν
192 2369 346 2441 ίκέτεοά·
367 2369 390 2464 ή
412 2371 443 2441 δ’
466 2370 505 2442 ού
525 2401 558 2441 τι
581 2373 742 2463 νοήματος
762 2370 923 2463 ἤμβροτεν
946 2375 1084 2460 ἐσθλοῦ,

114 2471 159 2555 ὥς
181 2470 239 2541 ούκ
261 2471 301 2542 ἀν
321 2476 461 2544 τέλποιο
482 2476 637 2564 νεώτερον
659 2474 873 2543 ἀντιάσαντα·
911 2544 918 2559 ,

61 2574 137 2663 εοεή
156 2601 217 2660 μοι
238 2582 329 2644 σῖτον
351 2575 453 2644 ἔδωκε
473 2577 570 2657 τάλις
591 2573 646 2665 ἠδ’
668 2574 805 2643 α’ίθοπα
825 2584 948 2660 σαῖνον,

114 2678 171 2744 καὶ
193 2675 286 2745 λούσ’
308 2676 341 2743 ἐν
363 2685 516 2765 ποταμῷ,
539 2676 597 2743 καί
617 2702 675 2761 μοι
696 2676 777 2743 τάδε
797 2677 928 2762 σάματ’
951 2676 1078 2746 ἔδωκεν.

114 2778 216 2846 ταῦτά
238 2804 304 2858 τοι,
328 2774 503 2863 ἀχνύμενός
524 2801 604 2864 περ,
628 2774 789 2866 ἀληθείην
810 2777 991 2859 κατέλεξα.”

157 2877 267 2946 τόνδ’
292 2874 363 2946 αὖτ’
386 2876 554 2959 Ἀλκίνοος
575 2874 796 2964 ἀπαμείβετο,
819 2877 966 2969 φιόνησέν
986 2907 1022 2947 τε

111 2981 129 3008 “
137 2980 223 3064 ξεῖν’,
246 2974 266 3070 ή
288 3006 342 3049 τοι
363 2982 423 3066 μέν
442 2979 540 3048 τοῦτό
560 2971 593 3047 τ’
615 2977 785 3064 ἐναίσιμον
807 2977 1017 3072 ούκένόησεν

63 3115 102 3154 ιω
117 3088 198 3163 παῖς
219 3081 295 3172 ἐμή,
319 3079 435 3148 οὕνεκά
457 3079 488 3148 σ’
513 3076 551 3148 ού
572 3106 606 3148 τι
628 3077 701 3166 μετ’
723 3077 954 3171 ἀμφιπόλοισι
974 3084 1122 3166 τυναιξίν

114 3177 191 3274 ήτεν
212 3182 245 3263 ἐς
266 3181 432 3272 ἡμέτερον·
455 3184 496 3251 σύ
519 3179 548 3250 δ’
573 3179 637 3273 ἀρα
658 3181 793 3271 πρώτην
815 3179 1011 3264 ίκὲτεοσας.”

154 3288 212 3354 τόν
234 3283 263 3352 δ’
288 3284 558 3372 ἀπαμειβόμενος
579 3284 732 3375 προσέφη
755 3283 940 3375 πολύμητις
959 3283 1133 3368 Ὀδυσσεύς

109 3386 230 3479 ((ήρως,
254 3388 299 3477 μή
320 3413 380 3473 μοι
401 3384 527 3455 τούνεκ’
550 3383 703 3471 ἀμύμονα
724 3382 827 3453 νείκεε
848 3385 980 3478 κούρην·

114 3485 135 3580 ή
156 3489 217 3575 μὲν
237 3489 300 3577 πάρ
321 3486 358 3574 μ’
380 3488 504 3558 ἐκέλευε
526 3489 584 3555 σύν
607 3484 853 3578 ἀμφιπόλοισιν
875 3487 1037 3574 ἕπεσθαι,

62 3625 101 3666 ,ωε
116 3589 186 3659 ἀλλ’
210 3591 274 3660 ἐπιδ
298 3587 356 3658 ούκ
378 3587 493 3658 ἔθελον
514 3589 628 3670 δείσας
650 3587 879 3674 αἰσχυνόμενός
898 3617 946 3673 τε,

114 3693 160 3782 μή
182 3719 255 3774 πως
276 3692 334 3760 καί
356 3692 412 3760 σοὶ
433 3693 543 3777 θυμός
565 3690 805 3758 ἐπισκύσσαιτο
826 3692 969 3759 τιδόντι·

117 3793 272 3883 δύσζηλοι
293 3793 356 3883 κάρ
378 3791 408 3861 τ’
432 3791 522 3879 εἶμέν
543 3792 602 3861 ἐπὶ
623 3791 722 3875 χθονί
744 3789 823 3882 φῦλ>
845 3789 1063 3881 ἀνθρώπων.”

158 3896 215 3961 τόν
237 3893 269 3961 δ>
292 3891 364 3964 αὖτ’
385 3895 554 3976 Ἀλκίνοος
576 3891 798 3981 ἀπαμείβετο,
822 3891 972 3986 φοίνησέν
992 3922 1029 3964 τε

111 3996 129 4021 “
137 3993 223 4078 ξεῖν’,
247 3992 287 4062 οῗί
308 4023 367 4080 μοι
388 4001 538 4066 τοιοῦτον
560 3998 609 4066 ἐνί
631 3996 796 4087 στήθεσσι
819 3995 916 4087 φίλον
936 4006 1011 4087 κῆρ,

60 4135 99 4174 ειο
112 4097 288 4188 μαψιδίως
308 4101 532 4180 κεχολῶσθαι·
555 4096 678 4184 ἀμείνω
701 4096 731 4165 δ’
756 4095 876 4183 αἴσιμα
898 4100 1016 4168 πάντα.

113 4200 144 4269 εἰ
165 4201 240 4288 κάρ,
265 4201 332 4267 Ζεύ
352 4225 388 4267 τε
410 4199 514 4290 πάτερ
536 4201 594 4267 καί
617 4196 782 4291 Ἀθηναίη
804 4202 862 4268 καὶ
882 4198 1061 4287 Ἀπολλον,

147 4427 197 4478 294
215 4427 357 4499 τερξέμεν·
377 4426 431 4480 αἰεὶ
448 4421 504 4497 κάρ
522 4443 551 4480 τε
568 4422 698 4496 νεώτεροι
716 4421 916 4496 ἀφραδέουσιν.
