2858 5026
501 250 526 297 8.
563 245 810 300 mmm
829 244 854 294 Θ

129 396 316 487 πορφύρεον
336 398 421 484 μέτα
443 402 550 489 φᾶρος
572 398 653 469 ἑλοίν
673 402 765 488 χερσί
788 401 982 491 στιβαρῇσιν

88 525 114 565 85
129 498 192 564 κὰκ
213 503 358 590 κεφαλῆς
378 498 542 591 τείρυσσε,
563 502 693 594 κάλυψε
714 501 751 570 δέ
772 503 856 570 καλά
877 502 1057 590 πρόσωπα·

129 598 245 670 αἴδετο
265 604 327 690 τδρ
351 600 500 692 Φαίηκας
520 600 579 669 ὑπ’
603 600 724 693 ὀφρύσι
746 604 870 692 δάκρυα
891 601 1018 688 λείβων.

128 696 150 792 η’
170 728 225 770 τοι
248 702 303 770 ὅτε
324 702 449 791 λήξειεν
470 699 591 770 άείδων
611 711 706 785 θεῖος
720 701 857 785 Ιάοιδός,

129 804 232 890 δάκρυ
255 801 478 892 ὀμορξάμενος
500 808 644 895 κεφαλῆς
665 803 735 874 άπο
757 809 862 897 φᾶρος
884 806 1027 887 ἕλεσκεν,

129 906 186 973 καί
208 905 312 985 δέπας
333 902 584 994 ἀμφικύπελλον
604 904 686 974 έλων
707 904 889 975 σπείσασκε
910 914 1054 976 θεοῖσιν·

91 1030 117 1068 εο
131 1005 232 1095 αὐτάρ
256 1004 306 1073 ὅτ’
327 1002 380 1096 δίψ
403 1003 537 1094 ι’ίρχοιτο
559 1009 616 1075 καί
639 1004 805 1097 ὀτρύνειαν
827 1006 952 1076 άείδειν

131 1109 286 1198 Φαιήκων
307 1105 337 1176 οἱ
361 1106 502 1198 όίριστοι,
525 1109 601 1177 ἐπεὶ
623 1110 781 1199 τέρποντο
801 1110 972 1192 τέπεσσιν,

129 1207 182 1301 λίψ
200 1209 351 1291 Ὀδυσεύς
372 1212 456 1278 κατὰ
477 1213 582 1300 κρᾶτα
603 1212 834 1300 καλυψάμενος
853 1213 1023 1281 τοάασκεν.

129 1310 203 1381 ἕνθ’
224 1310 341 1394 άλλους
361 1315 419 1398 μὲν
441 1313 569 1394 πάντας
590 1313 750 1382 ἐλάνθανε
773 1314 899 1400 δάκρυα
920 1314 1049 1402 λείβων,

130 1413 299 1496 Ἀλκίνοος
322 1415 359 1483 δέ
380 1442 438 1501 μιν
461 1408 531 1495 οἶος
552 1413 758 1505 ἐπεφράσατ’
781 1413 841 1505 ήδέ
861 1416 976 1506 νόησεν

89 1542 115 1585 νε
129 1518 245 1608 ἥμενος
268 1515 342 1602 δίε-χ’
365 1514 478 1600 αὐτοῦ,
501 1518 583 1603 βαρύ
607 1518 643 1584 δὲ
665 1517 874 1599 στενάχοντος
897 1514 1041 1588 άκουσεν.

129 1613 219 1709 αἶψα
242 1621 279 1687 δέ
300 1619 488 1709 Φαιήκεσσι
511 1617 744 1709 φιληρέτμοισι
766 1621 912 1709 μετηύδα

124 1720 292 1804 ακέκλυτε,
317 1721 473 1812 Φαιήκων
494 1719 652 1810 ήτήτορες
671 1719 732 1810 ήδὲ
752 1721 913 1806 μέδοντες.

128 1821 191 1915 ήδη
214 1825 274 1910 μέν
296 1825 411 1904 δαιτός
431 1823 643 1912 κεκορήμεθα
663 1824 774 1906 θυμδν
794 1821 906 1912 ἐτίσης

129 1924 315 2015 φόρμιττός
336 1922 385 2005 θ’,
407 1917 428 2011 ἢ
452 1924 544 1990 δαιτί
566 1923 722 2011 συνήορός
743 1923 814 1991 ἐστι
836 1923 974 2012 θαλείῃ·

76 2057 115 2095 ιοο
128 2030 182 2093 νῦν
204 2023 233 2093 δ’
257 2026 444 2110 ἐξέλθωμεν
466 2025 522 2093 καί
545 2022 678 2093 άέθλων
699 2025 931 2115 πειρηθέωμεν

128 2126 273 2209 πάντων,
297 2125 341 2208 ιὶίς
361 2124 393 2209 χ’
416 2125 435 2194 δ
458 2127 561 2207 ξεῖνος
582 2124 699 2217 ἐνίσπῃ
720 2133 808 2194 τοῖσι
831 2125 996 2217 φίλοισιν,

127 2227 264 2296 εοίκαδε
285 2228 456 2318 νοστήσας,
481 2225 581 2295 ὅσσον
602 2224 859 2315 περιτιτνόμεθ’
881 2225 987 2296 άλλων

128 2331 196 2413 πύξ
214 2357 250 2397 τε
272 2330 500 2418 παλαιμοσύνῃ
522 2355 559 2397 τε
580 2330 637 2397 καί
659 2329 802 2415 ἅλμασιν
822 2327 883 2421 η’δέ
903 2328 1092 2398 πόδεσσιν.”

170 2424 216 2513 ὥς
237 2430 301 2520 δίρα
322 2432 478 2522 φωνήσας
498 2430 660 2524 ήτήσατο,
681 2432 736 2500 τοί
759 2430 791 2500 δ’
814 2430 872 2519 ἅμ’
896 2433 1026 2500 ἕποντο.

77 2558 115 2599 ιω
128 2534 193 2600 κάδ
220 2531 311 2601 δ”έκ
333 2531 548 2623 πασσαλόφιν
570 2534 730 2620 κρέμασεν
751 2533 919 2622 φόρμιντα
939 2538 1078 2616 λινεῖαν,

128 2634 327 2726 Δημοδόκου
349 2633 381 2701 δ’
404 2635 457 2702 ἕλε
477 2639 569 2722 χεῖρα
589 2634 648 2701 καὶ
670 2632 784 2716 έξατεν
804 2634 841 2701 ἐκ
861 2635 1021 2723 μετάρσια
1124 2667 1127 2670 ·

127 2737 239 2826 κῆρυξ·
262 2732 338 2825 ἦρχε
360 2736 397 2802 δέ
418 2740 466 2825 τῷ
488 2733 587 2824 αύτήν
609 2733 686 2803 ὁδόν
707 2734 746 2825 ήν
767 2760 830 2823 περ
853 2733 884 2802 οἱ
908 2736 1004 2805 άλλοι

130 2836 286 2926 Φαιήκων
308 2834 338 2903 οἳ
361 2830 514 2923 άριστοι,
531 2835 656 2905 άέθλια
677 2836 928 2920 θαυμανέοντες.
1011 2900 1014 2907 .

127 2941 191 3025 βάν
213 2935 244 3006 δ’
266 2937 340 3024 ἴμεν
362 2938 409 3020 είς
431 2939 564 3030 άτορήν,
588 2939 657 3025 ἅμα
680 2935 710 3005 δ’
735 2937 856 3006 έσπετο
878 2940 1003 3019 πουλύς
1024 2937 1153 3025 ὅμιλος,

77 3068 114 3107 ιιι
127 3039 250 3128 μυρίοι.
295 3037 335 3107 δν
357 3039 389 3108 δ>
410 3044 544 3109 ίσταντο
565 3042 632 3111 νέοι
653 3038 776 3117 πολλοί
796 3066 832 3108 τε
853 3043 911 3108 καί
931 3040 1060 3110 ἐσθλοί.

128 3136 212 3232 ὦρτο
233 3143 291 3227 μὲν
312 3140 492 3231 Ἀκρόνεώς
511 3169 548 3210 τε
568 3144 625 3211 καί
644 3140 803 3222 Ὠκύαλος
824 3143 880 3209 καί
900 3140 1068 3231 Ἐλατρεύς

73 3241 74 3245 ’
127 3243 275 3324 Ναυτεύς
295 3270 331 3312 τε
351 3245 519 3334 Πρυμνεύς
539 3270 576 3312 τε
597 3246 654 3312 καί
677 3241 851 3328 Ἀτχίαλος
872 3244 930 3311 καί
950 3240 1118 3332 Ἐρετμεύς

127 3346 270 3426 Ποντεύς
290 3372 326 3413 τε
345 3346 500 3435 Πρωρεύς
520 3373 568 3429 τε,
595 3346 690 3414 Θόων
714 3343 952 3436 Ἀναβησίνεώς
971 3371 1007 3413 τε

126 3445 314 3538 Ἀμφίαλός
335 3447 374 3517 θ’
398 3447 469 3529 υίδς
489 3449 661 3538 Πολυνήου
688 3446 902 3517 Τεκτονίδαο·

74 3574 112 3615 115
128 3546 167 3616 δν
189 3550 226 3617 δὲ
247 3551 305 3618 καί
326 3548 492 3640 Εὐρύαλος
512 3553 713 3640 βροτολοιτῴ
734 3556 828 3630 τῖσος
846 3547 957 3640 Ἀρηι,

126 3651 350 3743 Ναυβολίδης,
373 3649 411 3733 ὃς
433 3649 567 3742 άριστος
588 3651 645 3742 ἔην
665 3651 777 3732 τεῖδός
797 3678 833 3720 τε
855 3653 958 3737 δέμας
978 3677 1015 3719 τε

127 3753 260 3820 πάντων
281 3752 438 3844 Φαιήκων
458 3752 530 3839 μετ’
553 3751 705 3839 άμύμονα
726 3753 974 3838 Λαοδάμαντα·

128 3848 167 3919 δν
190 3850 222 3919 δ’
245 3851 342 3921 έσταν
361 3861 448 3942 τρεῖς
468 3856 589 3936 παῖδες
611 3851 777 3940 άμύμονος
799 3852 1000 3936 Ἀλκινόοιο,

127 3953 317 4040 Λαοδάμας
337 3953 377 4022 θ’
398 3957 513 4037 ’Ἀλιός
532 3983 569 4025 τε
589 3957 647 4024 καὶ
669 3954 824 4037 άντίθεος
845 3955 1041 4047 Κλυτόνηος.

74 4084 113 4123 ιεο
128 4053 166 4125 όί
185 4054 217 4124 δ’
239 4049 261 4147 ή
280 4081 336 4124 τοι
358 4058 570 4145 πρῶτονμὲν
590 4058 808 4148 ἐπειρήσαντο
830 4058 999 4126 πόδεσσιν.

125 4163 216 4226 τοῖσι
238 4155 269 4226 δ’
293 4154 365 4226 α’πδ
386 4158 504 4249 νύσσης
524 4161 640 4227 τέτατο
663 4159 798 4247 δρόμος·
822 4155 858 4227 οἳ
875 4156 907 4227 δ’
929 4158 998 4245 ἅμα
1019 4159 1142 4241 πάντες

125 4258 343 4345 καρπαλίμως
364 4258 517 4329 ἐπέτοντο
539 4257 700 4340 κονίοντες
720 4258 863 4329 πεδίοιο.

125 4363 190 4427 τῶν
212 4362 249 4429 δέ
270 4364 366 4430 θέειν
387 4358 441 4447 ὄχ’
464 4358 598 4453 άριστος
618 4358 673 4452 έην
693 4360 881 4452 Κλυτόνηος
902 4359 1052 4449 άμύμων·
