2894 5024
201 240 266 305 308
566 245 608 291 ει.
645 242 939 292 ommno

200 393 310 471 εεῖδός
330 418 366 459 τε
387 395 533 477 μέτεθός
554 419 591 460 τε
613 390 767 478 ἀμείνονα
787 396 876 481 θήκε
895 389 1086 461 τιδέσθαι.”

145 516 186 560 ειο
242 496 300 561 τδν
322 492 354 560 δ’
376 487 416 561 αύ
439 495 593 584 Λαέρτης
616 494 821 579 πεπνυμένος
842 491 952 562 άντιόν
973 489 1058 583 ηύδα

195 591 251 660 “el
273 593 349 680 τάρ,
375 603 440 662 Ζεῦ
461 621 498 662 τε
520 596 625 683 πάτερ
647 595 704 672 καὶ
727 592 902 683 Ἀθηναίη
915 594 971 660 καὶ
992 592 1167 677 Ἄπολλον,

201 687 271 775 οἷος
292 696 437 785 Νήρικον
460 690 559 776 εἷλον,
583 695 768 780 ἐυκτίμενον
789 694 1003 784 πτολίεθρον,

202 794 304 886 ἀκτήν
325 795 493 887 ἠπείροιο,
518 797 768 887 Κεφαλλήνεσσι
789 796 975 878 εανάσσων,

200 907 289 979 τοῖος
311 900 373 968 έυίν
393 927 447 968 τοι
470 901 590 983 χθιζός
611 900 646 968 ἐν
667 899 855 989 ἡμετέροισι
880 899 1046 984 δόμοισιν,

146 1027 185 1067 σεο
199 998 301 1084 τεύχε’
325 999 406 1085 ἔχων
427 999 582 1087 ἀίμοισιν,
606 1001 825 1091 ἐφεστάμεναι
847 1002 904 1067 καὶ
927 997 1062 1085 ἀμύνειν

199 1100 321 1192 ἀνδρας
341 1107 533 1193 μνηστῆρας.
577 1106 625 1192 τῷ
646 1130 683 1171 κε
705 1103 814 1194 σφέων
834 1100 967 1169 τούνατ’
990 1099 1091 1170 ἔλυσα

199 1206 331 1271 πολλῶν
353 1204 387 1271 έν
407 1206 600 1293 μετάρσιοι,
623 1209 662 1273 σύ
686 1206 722 1272 δὲ
744 1205 864 1295 φρένας
886 1201 979 1271 ἔνδον
1000 1201 1148 1292 ίάνθης.”

243 1298 289 1386 ὦς
311 1302 347 1374 δι’
364 1306 423 1389 μὲν
445 1310 584 1374 τοιαῦτα
606 1309 691 1395 πρὸς
713 1303 873 1395 ἀλλήλους
894 1302 1062 1394 ἀτόρευον·

199 1405 235 1474 οἳ
255 1405 286 1473 δ’
310 1406 386 1474 ἐπεὶ
409 1400 465 1474 ούν
486 1408 658 1475 παύσαντο
679 1406 784 1474 πόνου
806 1406 975 1474 τετύκοντό
996 1431 1032 1473 τε
1055 1410 1166 1489 δαῖτα,

146 1535 186 1576 εει
200 1506 305 1598 ἑξείης
328 1507 440 1589 ἕζοντο
461 1511 545 1575 κατά
567 1509 725 1592 κλισμούς
745 1534 781 1575 τε
802 1508 944 1595 θρόνους
964 1532 1008 1575 τε.

198 1607 271 1678 ἐνθ’
294 1608 329 1677 οἳ
345 1610 406 1695 μὲν
427 1609 552 1698 δείπνῳ
575 1610 775 1698 ἐπεχείρεον,
801 1607 977 1694 άτχίμολον
999 1610 1037 1678 δέ

199 1707 281 1800 ἦλθ’
305 1708 323 1779 ό
344 1712 445 1801 τύρων
467 1711 604 1794 Δολίος,
627 1715 685 1781 σύν
707 1710 738 1781 δ’
760 1710 842 1792 υἱεῖς
862 1717 933 1779 τοῖο
953 1712 1118 1798 πέροντες,

199 1813 236 1881 ἐκ
257 1812 380 1901 τέρπων
400 1814 587 1898 μοτέοντες,
611 1815 686 1883 ἐπεὶ
708 1816 923 1903 προμολοῦσα
944 1813 1099 1881 κάλεσσεν

200 1914 306 2003 μήτηρ
327 1918 426 2003 τρηύς
447 1916 582 2004 Σικελή,
607 1915 628 2004 ή
649 1939 756 2005 σφεας
775 1915 875 2003 τρέφε
896 1912 954 1981 καί
975 1921 1017 2002 ῥα
1036 1912 1173 2001 Γέροντα

146 2044 186 2082 υυο
199 2016 357 2095 ἐνδυκέως
378 2020 565 2101 κομέεσκεν,
588 2017 664 2084 ἐπεὶ
686 2018 771 2082 κατά
791 2019 893 2104 πήρας
915 2012 1070 2102 ἔμαρψεν.

200 2116 236 2185 οἳ
256 2116 289 2186 δ’
312 2117 357 2198 ὠς
380 2113 436 2185 οὖν
455 2116 597 2206 Ὀδυσῆα
617 2116 712 2185 είδον
733 2117 924 2207 φράσσαντό
946 2140 982 2181 τε
1003 2119 1118 2204 θυμῷ,

199 2218 297 2287 ἔσταν
319 2219 368 2287 ἐνὶ
389 2222 561 2306 μετάροισι
583 2219 780 2309 τεθηπότες.
825 2216 928 2303 αύτάρ
948 2215 1121 2296 Ὀδυσσεύς

198 2319 377 2405 μειλιχίοις
397 2322 554 2388 τεπέεσσι
576 2321 833 2404 καθαπτόμενος
855 2320 1077 2406 προσέτειπεν

195 2415 249 2486 “ἀ
270 2422 379 2508 τέρον,
403 2418 449 2501 ἵζ’
471 2420 530 2486 ε’πὶ
554 2422 700 2500 δεῖπνον,
723 2416 1002 2486 ἀπεκλελάθεσθε
1024 2421 1062 2486 δὲ
1083 2419 1251 2507 θάμβευς·

145 2551 185 2590 ευε
201 2523 298 2609 δηρδν
319 2522 383 2608 τδρ
405 2518 487 2607 σίτῳ
511 2520 737 2609 ἐπιχειρήσειν
758 2521 929 2603 μεμαῶτες

198 2620 359 2706 μίμνομεν
380 2621 413 2689 έν
434 2622 603 2708 μετάροις,
626 2618 726 2704 ύμέας
748 2621 984 2704 ποτιδέτμενοι
1007 2619 1105 2689 αίεί.”

241 2716 286 2802 ὥς
308 2720 361 2809 ἀρ’
386 2721 465 2812 ἔφη·
489 2720 612 2802 Δολίος
635 2720 664 2789 δ’
689 2720 768 2802 ἰθύς
788 2722 840 2789 κίε
861 2729 946 2811 χεῖρε
968 2724 1137 2804 πετάσσας

200 2821 403 2913 ἀμφοτέρας,
425 2821 575 2904 Ὀδυσεῦς
597 2825 633 2890 δὲ
655 2825 765 2910 λαβιδν
787 2824 865 2890 κύσε
886 2821 967 2911 χεῖρ’
989 2824 1048 2891 ε’πὶ
1069 2829 1202 2914 καρπῷ,

200 2925 259 2991 καί
278 2952 336 3009 μιν
358 2926 512 3014 φωνήσας
533 2925 638 2992 εέπεα
660 2926 840 3010 πτερόεντα
862 2926 1044 3012 προσηύδα.

144 3021 248 3095 κου”ιύ
270 3024 353 3115 φίλ’,
376 3027 451 3094 ἐπεὶ
474 3027 634 3115 νόστησας
655 3026 898 3109 εἐελδομένοισι
920 3022 995 3108 μάλ’
1016 3023 1093 3115 ήμῖν

199 3124 269 3194 ου’-δ’
293 3125 340 3193 ἔτ’
364 3125 561 3212 όιομὲνοισι,
583 3127 661 3194 θεοὶ
684 3125 722 3193 δέ
744 3123 774 3193 α’
799 3123 961 3213 ἀνήνυτον
983 3122 1092 3204 αύτοί,

198 3223 273 3294 οὖλέ
294 3254 330 3295 τε
352 3231 409 3295 καὶ
430 3229 522 3312 μάλα
543 3234 647 3314 χαῖρε,
670 3228 750 3293 θεοὶ
772 3227 809 3293 δέ
828 3251 880 3293 τοι
905 3222 1003 3311 όλβια
1025 3229 1122 3294 δοῖεν.

197 3327 255 3395 καί
275 3355 335 3413 μοι
357 3327 447 3395 τοῦτ’
470 3327 646 3415 ἀτόρευσον
668 3327 838 3414 ἐτήτυμον,
862 3324 940 3414 ὄφρ’
963 3327 998 3394 ἕδ
1019 3330 1136 3409 εειδιδ,

199 3425 220 3516 ή
241 3426 302 3517 ήδη
326 3431 418 3517 σάφα
439 3432 532 3496 τοῖδε
553 3428 723 3514 περίφρων
743 3428 954 3516 Πηνελόπεια

144 3559 184 3597 ωε
197 3530 400 3618 νοστήσαντά
422 3553 459 3596 σε
482 3527 580 3616 δεῦρ’,
603 3522 622 3615 ή
646 3525 784 3596 ἀττελον
806 3526 1011 3616 ότρύνωμεν.”

238 3631 296 3697 τδν
318 3629 350 3697 δ’
373 3628 644 3716 ἀπαμειβόμενος
665 3630 817 3720 προσέφη
841 3632 1025 3720 πολύμητις
1042 3628 1216 3711 Ὀδυσσεύς

191 3723 243 3796 “ιύ
264 3732 369 3818 τέρον,
393 3730 456 3821 ήδη
478 3736 586 3800 τοῖδε·
608 3731 643 3799 τί
664 3756 702 3798 σε
722 3733 782 3820 χρή
805 3735 908 3799 ταῦτα
930 3728 1135 3811 πίνεσθαι,·”

237 3821 283 3911 ὦς
303 3829 405 3923 φάθ’,
429 3829 446 3898 ὃ
471 3831 502 3900 δ’
527 3828 620 3913 αι’τις
643 3830 697 3922 ἀρ’
721 3830 805 3913 ἕζετ’
827 3833 977 3911 ἐνξέστου
1000 3832 1059 3898 ἐπὶ
1083 3831 1212 3924 δίφρου.

196 3924 241 4010 ὦς
262 3931 295 3998 δ’
320 3931 425 4013 αι’·τιῦς
447 3939 565 4014 παῖδες
586 3933 709 4002 Δολίου
731 3934 848 4000 κλυτόν
869 3930 955 4023 ἀμφ’
974 3931 1116 4023 Ὀδυσῆα

141 4063 181 4100 ιω
196 4033 413 4101 δεικανόωντο
433 4036 575 4103 εὲπεσσι
598 4044 655 4101 καὶ
677 4033 712 4100 έν
731 4032 876 4118 χείρεσσι
899 4034 1032 4124 φύοντο,

194 4128 299 4220 ἑξείης
322 4131 353 4200 δ’
376 4135 485 4214 ἕζοντο
507 4138 616 4222 παραὶ
638 4131 759 4201 Δολίον
781 4133 910 4220 πατέρα
932 4134 1026 4224 σφόν.

236 4224 281 4310 ὥς
302 4230 339 4300 οἳ
356 4236 415 4317 μέν
436 4237 515 4320 περὶ
538 4239 673 4303 δεῖπνον
694 4234 742 4300 ἐνὶ
763 4234 939 4321 μετάροισι
961 4237 1113 4304 πένοντο·

344 4333 473 4360 ))1))Ι

192 4334 297 4400 τόσσα
320 4338 339 4401 δ
374 4364 414 4422 αρ
450 4340 587 4418 αττελος
608 4332 678 4406 ὦκα
700 4339 784 4408 κατά
805 4337 924 4404 πτόλιν
946 4333 1049 4425 ᾤχετο
1071 4339 1196 4430 πάντη,
