2858 5026
131 314 137 326 ι
180 249 245 312 215
547 250 588 297 ιι.
625 247 914 297 mmmm

179 397 280 487 αύτάρ
304 401 384 468 ε’τιδν
407 398 565 490 ἀνορήνδε
587 399 777 483 έλεύσομαι,
801 396 889 489 όφρα
910 397 1061 466 καλέσσω

178 502 293 583 ξεῖνον,
317 502 388 582 ὅτις
408 528 466 586 μοι
488 509 600 569 κεῖθεν
621 498 679 585 ἅμ’
703 501 825 570 έσπετο
848 504 942 588 δεῦρο
963 499 1080 567 κιόντι.

178 603 233 669 τόν
253 604 311 686 μέν
332 603 395 670 ε’τιύ
418 602 626 691 προύπεμψα
648 602 705 668 σύν
728 599 898 682 ἀντιθέοις
919 600 1100 687 ἑτάροισιν,

137 731 163 770 τε
177 701 337 792 Πείραιον
359 704 397 771 δέ
416 732 473 788 μιν
495 703 621 791 η’νιύτεα
644 703 743 785 προτὶ
765 708 877 770 τοῖκον
899 700 1018 770 άνοντα

178 804 333 885 ἐνδυκέως
355 807 481 896 φιλέειν
502 807 559 872 καὶ
580 805 702 889 τιέμεν,
727 803 773 884 εἰς
796 804 816 871 δ’
837 831 890 871 κεν
912 802 1032 872 mm?

220 899 264 986 ὧς
286 904 337 994 ἀρ’
361 908 538 997 ἐφώνησεν,
562 910 601 995 τῇ
624 904 655 971 δ’
677 902 820 991 άπτερος
841 904 960 973 ἔπλετο
982 909 1100 989 μῦθος.

176 1005 198 1096 ἢ
222 1006 252 1073 δ’
278 1008 488 1098 ὑδρηναμένη,
511 1009 647 1092 καθαρά
668 1008 744 1092 χροῒ
762 1006 902 1091 νεύμεθ’
926 1004 1060 1088 ἑλοῦσα,

179 1104 288 1190 εόχετο
311 1113 396 1176 πάσι
421 1115 533 1177 θεοῖσι
555 1109 729 1198 τεληέσσας
752 1106 938 1194 ἑκατόμβας

137 1238 163 1274 ω
179 1210 292 1296 ῥέξειν,
317 1208 352 1277 εἴ
370 1213 407 1277 κε’
429 1218 518 1278 ποθι
541 1214 624 1290 Ζεύς
646 1207 762 1277 άντιτα
783 1209 882 1298 τέρεα
903 1212 1047 1300 τελέσσῃ.

225 1311 414 1400 Τηλέμαχος
437 1310 467 1378 δ’
492 1310 545 1398 ἀρ’
567 1310 684 1378 ἔπειτα
707 1312 779 1378 διὲκ
800 1312 961 1399 μετάρσια
983 1311 1138 1400 βεβήκειν

177 1409 271 1494 ένχος
293 1411 386 1497 έχων·
410 1411 478 1497 άμα
500 1416 546 1501 τῷ
567 1439 605 1478 τε
627 1413 694 1479 δύω
716 1411 807 1492 κύνες
829 1411 927 1501 ἀρτοὶ
950 1412 1079 1479 ἕποντο.

177 1512 361 1601 θεσπεσίην
384 1509 418 1579 δ’
440 1510 504 1602 ἀρα
526 1515 572 1600 τῷ
593 1538 629 1578 τε
650 1511 745 1598 χάριν
766 1514 934 1596 κατέχευεν
955 1510 1098 1603 Ἀθήνη·

177 1615 235 1680 τόν
257 1613 288 1680 δ’
311 1610 374 1702 ίίρα
396 1614 516 1693 πάντες
538 1613 612 1679 λαοί
635 1612 851 1698 ἐπερχόμενον
873 1616 1022 1702 θηεῦντο.

134 1741 164 1780 τε
178 1710 267 1803 ἀμφὶ
291 1715 329 1781 δέ
347 1741 405 1799 μιν
425 1718 603 1805 μνηστῆρες
625 1711 779 1803 ἀνήνορες
800 1711 999 1802 ἦνερέθοντο

178 1812 243 1882 έσθ
266 1812 275 1839 ’
298 1811 516 1906 ἀνορεύοντες,
540 1818 625 1882 κακά
649 1817 685 1882 δὲ
707 1816 804 1904 φρεσὶ
826 1816 1080 1900 βυσσοδόμευον.

180 1912 281 2004 αότάρ
305 1912 323 1982 ὃ
345 1920 408 1983 τῶν
429 1917 487 2002 μὲν
510 1915 628 1983 ἔπειτα
652 1913 791 1982 ἀλεύατο
815 1917 938 1982 πουλόν
961 1914 1087 2000 ὅμιλον,

179 2013 250 2083 ἀλλ’
274 2020 327 2083 ἵνα
350 2017 490 2105 Μέντωρ
513 2013 594 2108 ἧστο
615 2017 672 2083 καὶ
692 2014 849 2106 ’Άντιφος
871 2014 923 2106 ἠδ’
947 2017 1162 2107 Ἁλιθέρσης,

179 2120 216 2185 οἵ
235 2119 271 2184 τέ
292 2144 347 2185 τοι
370 2119 407 2200 ἐξ
428 2116 528 2208 ἀρχῆς
549 2119 716 2206 πατρώιοι
740 2111 821 2206 ἦσαν
842 2115 981 2204 ἑταῖροι,

137 2247 163 2287 ιο
178 2216 262 2286 ἔνθα
284 2217 433 2300 καθέζετ’
458 2218 529 2286 ίιόν·
551 2218 602 2284 τοί
626 2215 657 2284 δ’
680 2217 854 2305 ἐξερέεινον
877 2217 1009 2285 ἕκαστα.

176 2326 265 2387 τοῖσι
289 2320 326 2386 δὲ
347 2319 508 2403 Πείραιος
531 2320 739 2406 δουρικλυτός
760 2318 899 2386 ε’τνόθεν
920 2312 1023 2408 η’λθεν

178 2423 281 2502 ξεῖνον
303 2417 390 2488 άνων
412 2418 572 2509 ἀτορηνδε
595 2422 653 2486 διά
676 2419 803 2486 πτόλιν.
850 2417 922 2487 ούδ’
945 2417 998 2506 ἀρ’
1022 2420 1072 2490 έτι
1095 2423 1155 2514 δήν

182 2524 371 2611 Τηλέμαχος
393 2522 513 2605 ξείνοιο
534 2524 633 2600 νεκάς
654 2519 800 2611 τράπετ’,
825 2519 908 2589 ἀλλὰ
932 2526 1089 2614 παρέστη.

177 2626 233 2690 τόν
254 2625 311 2691 καὶ
333 2624 494 2713 Πείραιος
516 2624 673 2712 πρότερος
694 2625 779 2713 πρός
800 2626 909 2707 μῦθον
932 2620 1071 2690 έτειπεν.

136 2723 374 2815 ιε“Τηλέμαχ’,
399 2720 476 2810 σάφ’
501 2721 631 2813 ’ότρυνον
653 2722 731 2808 έμδν
753 2726 833 2791 ποτὶ
857 2727 951 2808 δῶμα
972 2731 1139 2809 τυναῖκας,

177 2826 221 2905 άῖς
241 2852 293 2895 τοι
319 2826 397 2915 δῶρ’
422 2825 619 2914 ἀποπέμψω
643 2824 665 2891 ά
686 2852 739 2892 τοι
763 2825 936 2906 Μενέλαος
958 2824 1107 2894 έδιοκεν.”

218 2930 275 2996 τόν
299 2926 330 2994 δ’
355 2922 394 2995 αὖ
421 2928 608 3016 Τηλέμαχος
630 2927 835 3011 πεπνυμένος
858 2924 967 2994 ἀπίου
989 2925 1074 3018 ηίίδα

173 3026 341 3117 ((Πείραιζ
366 3027 404 3097 ού
425 3032 487 3119 τάρ
508 3027 622 3112 είδμεν
645 3026 738 3107 ὅπως
759 3026 852 3095 ἔσται
873 3028 954 3095 τάδε
975 3030 1085 3117 εέρτα.

179 3128 214 3198 εί
232 3158 286 3197 κεν
308 3132 366 3217 ε’μέ
388 3135 566 3222 μνηστῆρες
589 3128 744 3219 ἀνηνορες
766 3130 800 3196 έν
820 3131 1016 3219 μενάροισιν

137 3263 163 3301 εο
178 3233 286 3323 λάθρη
309 3233 490 3313 κτείναντες
511 3232 667 3321 πατραίια
689 3232 798 3297 πάντα
822 3233 1001 3312 δάσωνται,

176 3333 273 3402 αὐτόν
295 3334 409 3416 ἔχοντά
432 3359 469 3402 σε
490 3330 628 3419 βούλομ’
652 3332 833 3416 ἐπαυρέμεν
854 3329 875 3421 ἤ
896 3358 971 3400 τινα
992 3337 1107 3402 τῶνδε·

177 3434 206 3502 εἰ
230 3436 267 3502 δέ
289 3434 320 3501 κ’
344 3436 408 3502 ἕνα)
430 3436 578 3501 τούτοισι
600 3432 702 3524 φόνον
724 3433 780 3499 καὶ
802 3434 885 3521 κῆρα
908 3436 1073 3524 φυτεύσω,

177 3539 216 3626 δη
240 3536 315 3603 τότε
336 3563 395 3622 μοι
417 3535 562 3623 χαίροντι
585 3536 699 3625 φέρειν
721 3535 805 3622 πρὸς
828 3536 963 3620 διύματα
983 3534 1133 3624 χαίρων.»

220 3646 264 3718 ως
284 3640 412 3705 νειπαίν
434 3641 536 3720 ξεῖνον
557 3635 772 3726 ταλαπείριον
794 3630 871 3727 ἦνεν
891 3635 926 3718 ἐς
946 3631 1044 3705 οἶκον.

135 3768 161 3808 85
177 3737 278 3828 αύτάρ
301 3739 378 3807 ε’πεί
399 3736 429 3827 ρ’
452 3743 561 3807 ἰ’κοντο
585 3739 706 3824 δόμους
727 3739 761 3807 έύ
784 3738 1005 3819 ναιετάοντας,

173 3841 307 3925 χλαίνας
328 3842 388 3926 μέν
410 3841 587 3910 κατέθεντο
608 3842 693 3908 κατά
714 3839 873 3923 κλισμούς
893 3864 928 3906 τε
950 3840 1091 3929 θρόνους
1111 3865 1161 3922 τε,

175 3942 209 4021 ἐς
231 3942 262 4009 δ’
287 3941 496 4027 ἀσαμίνθους
517 3939 633 4030 βάντες
654 3942 805 4022 ἐυξέστας
827 3940 993 4010 λούσαντο.

174 4045 250 4124 τούς
273 4041 305 4110 δ’
328 4044 404 4111 ἐπεὶ
429 4039 484 4112 ούν
507 4044 616 4130 δμωαὶ
638 4044 757 4109 λοῦσαν
779 4042 836 4108 καὶ
857 4049 971 4132 χρῖσαν
991 4042 1108 4134 ἐλαίῳ,

175 4142 262 4234 ἀμφὶ
287 4144 316 4211 δ’
341 4143 404 4236 άρα
425 4144 560 4231 χλαίνας
580 4144 701 4224 τούλας
722 4143 825 4230 βάλον
846 4141 908 4234 η’δὲ
927 4148 1080 4228 χιτῶνας,

133 4274 160 4312 oo
175 4244 211 4314 έκ
239 4245 267 4335 ῥ’
292 4245 488 4332 ἀσαμίνθων
508 4248 624 4332 βάντες
646 4246 704 4314 ἐπὶ
726 4249 898 4332 κλισμοῖσι
920 4247 1069 4328 καθῖζον.

178 4347 311 4436 χέρνιβα
335 4347 367 4415 δ)
388 4346 581 4440 ἀμφίπολος
602 4347 738 4438 προχόηι
760 4347 895 4433 ἐπέχευε
915 4347 1064 4437 φέρουσα
