2858 5026
553 236 595 283 24.
633 233 882 284 ΟΔΤΣΣΕΙΛΣ
902 233 924 282 Ω

189 384 329 472 τοιούτῳ
353 385 389 452 δὲ
410 385 576 468 νένοικας,
599 387 676 454 ἐπεὶ
696 385 853 454 λούσαιτο
875 384 979 474 φάτοι
1000 409 1050 463 τε,

136 515 175 554 ιω
191 484 360 571 εὑδέμεναι
381 490 548 572 μαλακῶς·
572 482 595 576 η’
614 490 677 574 νάρ
700 486 773 575 δίκη
796 487 868 553 ἐστὶ
888 484 1056 572 τερόντων.

190 587 261 655 ἀλλ’
284 586 343 656 άτε
363 615 423 674 μοι
444 589 524 655 τόδε
544 588 643 656 νειπὲ
664 591 721 656 καὶ
744 586 905 674 ἀτρεκέως
926 587 1113 665 κατάλεξον·

189 694 244 756 τεῦ
267 691 355 774 δμιύς
377 688 425 768 εἰς
447 685 587 777 ἀνδρῶν,·
608 692 664 756 τεῦ
686 686 718 756 δ’
742 686 878 779 όρχατον
901 684 1158 778 ἀμφιπολεύεις·

190 790 248 857 καί
269 815 328 874 μοι
349 787 439 857 τοῦτ’
462 786 637 879 ἀνόρεοσον
659 790 829 879 ἐτήτυμον,
853 786 930 876 όφρ’
954 787 989 856 ἐδ
1011 792 1127 870 τειδῶ,

192 890 221 958 εἰ
242 891 352 957 νετεόν
373 890 407 957 τ’
426 889 558 980 Ἰθάκην
579 889 671 980 τήνδ’
695 887 838 974 ἱκόμεθ’,
862 888 907 970 δίς
927 916 987 975 μοι
1009 888 1140 958 ἔνειπεν

137 1023 177 1061 ιω
192 987 287 1073 οὗτος
307 989 386 1081 ἀνὴρ
408 995 462 1058 νῦν
484 993 523 1079 δή
548 991 768 1079 ξυμβλήμενος
789 988 909 1057 ἐνθάδ’
931 988 1031 1069 ίόντι,

192 1091 228 1161 ού
249 1119 284 1161 τι
304 1092 381 1178 μάλ’
406 1090 583 1183 ἀρτίφρων,
607 1092 683 1160 ε’πεὶ
707 1090 745 1159 ού
765 1092 908 1181 τόλμησε
928 1093 1072 1159 νέκαστα

191 1201 319 1262 τειπεῖν
340 1191 392 1283 ἠδ’
415 1194 602 1262 ἐπακοῦσαι
625 1193 704 1278 ἐμδν
724 1191 840 1273 τόπος,
864 1189 909 1272 ὦς
929 1191 1068 1280 ἐρέεινον

194 1294 281 1385 ἀμφὶ
304 1296 397 1384 ξείνῳ
418 1295 500 1384 ἐμῷ,
522 1291 544 1383 ἤ
566 1321 632 1363 που
656 1295 732 1377 ζώει
753 1322 788 1363 τε
810 1296 868 1362 καὶ
889 1294 994 1378 ἔστιν,

192 1392 213 1488 ἦ
234 1396 295 1487 ἤδη
317 1399 459 1487 τέθνηκε
480 1399 538 1465 καὶ
560 1396 608 1465 εἰν
629 1394 769 1464 Ἅνίδαο
792 1396 956 1481 δόμοισιν.

138 1530 177 1570 εει
192 1500 228 1567 ἐκ
249 1501 311 1586 τάρ
333 1525 388 1567 τοι
409 1500 525 1586 νερέω,
548 1502 587 1567 σύ
610 1500 648 1567 δὲ
671 1500 792 1568 σύνθεο
814 1497 873 1566 καί
893 1525 953 1585 μευ
976 1498 1130 1570 ἀκουσον·

192 1598 295 1690 ἀνδρα
317 1602 401 1668 ποτὲ
422 1599 568 1681 ξείνισσα
590 1602 671 1693 φίλη
693 1602 741 1670 ἐνί
761 1601 901 1689 πατρίδι
922 1601 1000 1692 ναίη

192 1699 378 1791 ἡμετερόνδ’
403 1702 560 1783 ἐλθόντα,
582 1705 639 1770 καί
662 1700 700 1770 ού
721 1704 776 1770 πιό
797 1729 850 1783 τις
871 1707 990 1792 βροτός
1011 1702 1110 1785 ἀλλος

196 1803 307 1885 ξείνων
327 1806 521 1894 τηλεδαπῶν
542 1804 665 1895 φιλίων
684 1806 764 1890 ἐμόν
785 1809 876 1872 ἵκετο
899 1809 1009 1890 δῶμα·

195 1903 304 1988 εύχετο
328 1904 358 1972 δ’
382 1906 418 1988 ἐξ
436 1904 571 1996 Ἰθάκης
590 1907 681 1986 τίνος
702 1905 856 1991 ἔμμεναι,
879 1904 983 1992 αι’τάρ
1003 1904 1146 1997 ἔφασκεν

141 2037 181 2076 ετο
195 2009 349 2098 Λαέρτην
370 2006 601 2098 Ἀρκεισιάδην
623 2005 741 2094 πατέρ’
762 2005 900 2092 ἔμμεναι
922 2005 1021 2096 αύτῷ.

193 2113 251 2177 τδν
271 2110 330 2194 μὲν
352 2110 416 2177 ἐνιδ
439 2111 523 2198 πρδς
544 2106 674 2194 δώματ’
697 2104 785 2174 ι’ίνων
806 2107 841 2174 ἐν’
863 2106 1043 2190 ἐξείνισσα,

195 2211 352 2291 ἐνδυκέως
374 2211 508 2301 φιλίων,
532 2212 662 2277 πολλκῦν
682 2211 767 2276 κατά
788 2214 899 2276 τοῖκον
920 2209 1053 2291 ἐόντων,

195 2311 327 2381 καίτοι
350 2314 439 2401 δῶρα
460 2311 564 2398 πόρον
586 2313 727 2402 ξεινήια,
751 2305 808 2381 οἷα
829 2313 995 2403 τετηίκειν.

195 2415 311 2502 χρυσοῦ
332 2413 389 2496 μέν
409 2437 464 2479 τοι
488 2409 587 2479 ἔδωκ’
599 2412 776 2508 ,ἐννερτίος
797 2410 884 2480 ἑπτά
904 2414 1062 2498 τάλαντα,

142 2543 181 2584 επ
197 2516 287 2580 δῶκα
310 2513 348 2581 δέ
367 2539 423 2580 τοι
445 2515 588 2602 κρητῆρα
610 2514 819 2600 πανάρτυρον
840 2511 1058 2599 ἀνθεμόεντα,

197 2614 324 2681 δώδεκα
347 2613 380 2681 δ’
404 2613 570 2695 ἁπλοΐδας
590 2614 735 2697 χλαίνας,
757 2616 897 2696 τόσσους
920 2617 958 2683 δι’
978 2619 1143 2708 τάπητας,

195 2716 301 2783 τόσσα
323 2717 359 2783 δὲ
381 2717 489 2804 φάρεα
510 2715 610 2797 καλά,
632 2717 748 2797 τόσους
770 2715 800 2785 δ’
824 2717 884 2785 ἐπὶ
905 2724 992 2786 τοῖσι
1013 2723 1165 2803 χιτῶνας,

195 2818 294 2905 χωρίς
316 2814 346 2883 δ’
371 2813 448 2884 αύτε
468 2825 623 2898 τυναῖκας
644 2816 794 2904 ἀμύμονα
814 2819 915 2909 τέρνα
935 2820 1081 2900 τιδοίας,

196 2922 359 3009 τέσσαρας
381 2918 568 3005 εἰδαλίμας,
591 2914 631 3001 άς
652 2917 773 3011 ἤθελεν
794 2920 893 3003 αύτδς
915 2920 1082 2991 ἓλίσθαι.”

144 3053 183 3093 ιεο
238 3019 347 3090 τόνδ’
370 3017 517 3110 ἠμείβετ’
540 3021 661 3091 ἔπειτα
683 3024 793 3112 πατὴρ
815 3025 899 3089 κατά
922 3024 1064 3111 δάκρυον
1085 3021 1185 3111 εἴβων

193 3120 306 3205 αξεῖν’,
330 3116 352 3211 ἦ
372 3147 428 3191 τοι
450 3123 508 3208 μὲν
528 3129 627 3190 ταῖαν
648 3120 773 3203 ίκάνεις
794 3118 835 3212 ἢν
856 3122 1019 3210 ἐρεείνεις,

197 3224 352 3315 δβριστάί
375 3221 409 3291 δ’
433 3223 610 3314 αὐτήνκαὶ
632 3222 824 3294 ἀτάσθαλοι
847 3221 962 3312 ἀνδρες
983 3222 1120 3310 ἔχουσιν,

199 3331 287 3416 δῶρα
310 3324 341 3392 δ’
363 3325 487 3392 ἐτώσια
508 3329 611 3393 ταῦτα
631 3325 775 3412 χαρίζεο,
798 3323 889 3411 μυρί’
913 3324 1059 3408 ὀπάζων·

199 3427 229 3513 εί
248 3429 311 3517 τάρ
331 3453 390 3512 μιν
412 3427 495 3508 ζωόν
514 3454 553 3496 τε
573 3428 666 3518 κίχης
685 3426 818 3518 Ἰθάκης
838 3429 887 3497 ἐνὶ
910 3431 1017 3520 δήμῳ,

146 3557 184 3598 ιω
197 3533 244 3618 τῷ
264 3531 319 3597 κέν
341 3527 375 3596 α’
398 3523 433 3596 εὖ
456 3531 613 3614 δώροισιν
635 3527 861 3618 ἀμειψάμενος
883 3527 1087 3620 ἀπέπεμψεν

201 3633 256 3699 καὶ
279 3630 365 3722 ξενίη
388 3628 518 3721 ἀναθῇ·
541 3626 563 3720 ἢ
583 3633 646 3718 τάρ
668 3631 784 3717 θέμις,
807 3631 845 3712 ός
865 3659 917 3714 τις
939 3630 1079 3722 δπάρξη.

200 3730 273 3800 ἀλλ’
296 3730 355 3799 άτε
376 3759 436 3818 μοι
457 3733 534 3802 τόδε
554 3735 653 3801 νειπὲ
674 3735 731 3801 καί
754 3733 915 3822 ἀτρεκέως
936 3735 1126 3814 κατάλεξον·

200 3835 323 3903 πόστον
346 3836 386 3924 δή
408 3834 502 3916 νότος
524 3835 613 3904 ἐστίν
635 3833 689 3902 ὅτε
710 3833 875 3918 ξείνισσας
896 3837 1018 3905 ἐκεῖνον

201 3937 258 4003 σδν
280 3937 382 4018 ξεῖνον
404 3936 573 4027 δύστηνον,
596 3937 674 4022 ἐμδν
696 3933 803 4018 παῖδ’,
826 3934 958 4005 εἴπατ’
983 3935 1038 4025 ἔην
1059 3961 1109 4016 τε,

147 4065 187 4104 εεο
202 4037 376 4127 δύσμορον·
400 4036 438 4107 όν
459 4063 525 4106 που
547 4040 623 4126 τῆλε
644 4036 750 4129 φίλων
771 4039 829 4105 καὶ
851 4038 1014 4125 πατρίδος
1036 4034 1113 4124 α’ίης

200 4135 240 4227 ηἰί
259 4163 325 4206 που
347 4138 382 4207 ἐν
403 4139 513 4228 πόντῳ
536 4139 642 4229 φάνον
664 4137 794 4223 ἰχθύες,
816 4133 839 4226 ἢ
861 4138 920 4204 ἐπί
942 4137 1057 4225 χέρσου

201 4241 305 4329 θηρσὶ
326 4238 384 4307 καὶ
407 4239 554 4309 οἰωνοῖσι
574 4239 677 4327 νίλωρ
698 4236 812 4306 τίνετ’.
858 4234 936 4304 ούδί
956 4263 993 4305 τε
1014 4240 1120 4329 μήτηρ

201 4344 322 4409 κλαύσε
343 4341 581 4434 περιστείλασα
602 4341 711 4430 πατήρ
733 4336 784 4419 θ’,
807 4342 843 4407 οἵ
861 4365 919 4424 μιν
939 4339 1145 4425 τεκόμεσθα·

1072 4452 1105 4498 20
