2894 5024
565 296 589 343 4.
628 291 872 344 oA‘rzzfflAz
891 292 918 343 Δ

191 449 288 532 δῶμα
308 443 391 514 καθ’
412 443 578 536 ύφερεφές
598 445 772 513 Μενελάου
795 443 1001 529 κυδαλίμοιο.

191 544 295 636 αύτάρ
316 546 392 614 ἐπεὶ
414 546 587 636 τάρπησαν
608 544 767 636 ὁρώμενοι
792 542 1034 636 ὀφθαλμοῖσιν,

189 645 224 729 ἔς
245 646 275 737 ρ’
299 645 508 733 ἀσαμίνθους
528 649 645 733 βάντες
665 649 818 730 ἐυξέστας
838 648 1006 715 λούσαντο.

188 752 267 830 τούς
288 748 321 818 δ’
342 750 418 818 ἐπεὶ
441 745 497 817 σύν
519 750 628 835 δμωαὶ
651 753 771 819 λοῦσαν
792 752 848 817 καὶ
869 755 984 839 χρῖσαν
1004 747 1119 838 ἐλαίην,

147 881 176 922 ει
190 848 280 942 α’μφὶ
302 848 335 918 δ’
358 848 422 940 ε’ίρα
443 851 577 934 χλαίνας
597 853 718 933 εούλας
738 854 841 939 βάλον
864 850 924 941 η’δὲ
943 855 1095 935 χιτῶνας,

189 948 225 1032 ἔς
246 958 288 1040 ῥα
310 953 451 1039 θρόνους
473 951 584 1034 ἕζοντο
607 949 689 1041 παρ’
711 950 882 1042 Ἀτρεΐδην
904 953 1082 1021 Μενέλαον.

188 1054 322 1140 χέρνιβα
344 1050 374 1121 δ’
398 1050 592 1144 ἀμφίπολος
613 1054 747 1143 προχόῳ
770 1055 906 1138 ἐπέχευε
927 1055 1073 1144 φέρουσα

189 1157 273 1245 καλῇ
292 1153 438 1245 χρυσείη,
460 1153 545 1243 ὑπὲρ
567 1152 739 1243 άρτυρέοιο
760 1155 908 1245 λέβητος,

189 1254 377 1345 νίψασθαι·
399 1259 491 1346 παρὰ
513 1259 550 1325 δὲ
572 1258 684 1346 ξεστην
705 1257 860 1325 ἐτάνυσσε
880 1257 1053 1344 τράπεζαν.

146 1364 279 1427 εεσῖτον
300 1355 333 1425 δ’
356 1355 468 1449 αἰδοίη
491 1357 591 1447 ταμίη
615 1358 788 1448 παρέθηκε
812 1360 968 1449 φέρουσα,

189 1457 308 1528 εἴδατα
329 1457 427 1528 πόλλ’
449 1460 626 1541 ἐπιθεῖσα,
648 1460 842 1551 χαριζομένη
865 1462 1063 1550 παρεόντων.

147 1562 236 1629 ειτώ
257 1562 314 1628 καὶ
337 1562 542 1647 δεικνύμενος
561 1569 713 1653 προσέφη
735 1565 860 1646 ξανθὸς
883 1565 1055 1645 Μενέλαος

183 1660 304 1730 “σίτου
326 1660 366 1731 θ’
388 1662 560 1732 ἅπτεσθον
581 1665 638 1732 καὶ
658 1664 816 1754 χαίρετον.
861 1663 963 1751 αι’·τολρ
987 1663 1106 1734 ἔπειτα

189 1765 327 1833 δείπνου
349 1766 551 1849 πασσαμένω
573 1763 768 1854 εἰρησόμεθ’
791 1770 932 1847 οἵτινες
953 1764 1076 1834 ἐστόν.”

146 1872 175 1915 ⁶
230 1856 276 1946 ὦς
296 1865 395 1955 φάτο,
417 1867 476 1933 καί
498 1890 579 1956 σφιν
600 1870 686 1934 νιῦτα
707 1869 786 1952 βοὸς
807 1869 900 1953 παρὰ
922 1864 1013 1933 πίον’
1036 1865 1155 1957 έθηκεν

188 1962 268 2033 ὄπτ’
289 1966 324 2035 ἐν
343 1967 453 2054 χερσίν
474 1966 568 2050 ἑλών,
590 1968 632 2034 τά
655 1968 696 2058 ῥά
717 1993 772 2034 τοι
795 1967 874 2054 τέρα
897 1968 1073 2053 πάρθεσαν
1095 1967 1194 2058 αύτῷ.

189 2064 225 2136 σἰ’
242 2066 274 2135 δ’
295 2065 351 2136 ἐπ’
375 2065 505 2137 ὀνείαθ’
528 2068 643 2154 ἑτοῖμα
666 2069 866 2158 προκείμενα
887 2076 997 2155 χεῖρας
1020 2066 1141 2137 ίάλλσν.

189 2166 292 2256 αι’τάρ
314 2169 389 2238 ἐπεὶ
411 2169 535 2251 πόσιος
556 2172 612 2239 καὶ
634 2171 768 2260 ἐδητύος
789 2171 826 2254 ἐξ
847 2170 920 2258 ε”ρον
943 2170 1028 2249 έντο,

188 2273 229 2360 δη
250 2271 327 2339 τότε
353 2274 541 2362 Τηλέμαχος
563 2274 773 2362 προσεφώνεε
796 2274 961 2361 Νέστορος
982 2270 1067 2355 υἱόν,

146 2392 175 2433 ⁷0
188 2369 265 2457 άκχι
287 2374 372 2456 σχὼν
393 2374 549 2463 κεφαλήν,
571 2377 626 2442 ἵνα
646 2377 690 2464 μη
714 2373 903 2443 πευθοίαθ’
925 2372 956 2442 οἱ
980 2371 1090 2459 άλλοι,

182 2470 344 2565 “φρ(ίζεο,
368 2473 549 2563 Νεστορίδη
572 2478 620 2563 τῷ
642 2476 712 2565 ἐμῷ
734 2477 942 2564 κεχαρισμένε
962 2479 1078 2565 θυμῷ,

185 2577 307 2659 χαλκοῖ·
327 2601 364 2642 τε
385 2577 548 2664 στεροπήν
569 2579 652 2643 κατά
675 2577 812 2662 διόματα
832 2579 990 2666 εηχήεντα

186 2679 306 2762 χρυσοῦ
326 2674 358 2742 τ’
380 2674 533 2766 η’λέκτρου
556 2703 591 2745 τε
614 2679 669 2745 καὶ
693 2677 832 2765 άρτύρου
856 2676 907 2767 η’δ’
932 2678 1116 2769 ἐλέφαντος.

187 2778 294 2868 Ζηνός
315 2803 382 2845 που
403 2779 516 2867 τοιήδε
537 2776 569 2844 τ’
598 2774 777 2863 Ὀλυμπίου
800 2776 936 2846 ἔνδοθεν
958 2779 1053 2868 αι’·λό,

147 2878 273 2948 ιιίίοσα
293 2877 366 2947 τάδ’
390 2877 521 2947 ἄσπετα
544 2879 660 2948 πολλά.
705 2879 806 2965 σέβας
827 2878 862 2964 μ’
886 2877 952 2964 ἔχει
976 2879 1202 2970 είσορύωντα.”

228 2983 287 3049 τοί·
309 2979 341 3048 δ’
364 2978 575 3070 α’τορεύοντος
596 2983 709 3050 σύνετο
730 2983 854 3064 ξανθὸς
875 2983 1059 3066 Μενέλαος,

187 3081 246 3151 καί
266 3106 372 3173 σφεας
392 3082 547 3172 φωνήσας
568 3084 674 3150 εέπεα
697 3083 875 3170 πτερόεντα
897 3084 1080 3174 προσηύδα.

181 3181 306 3253 “τέκνα
326 3183 409 3275 φίλ’,
432 3179 451 3273 ἦ
472 3209 526 3252 τοι
550 3185 632 3274 Ζηνὶ
653 3189 778 3273 βροτῶν
799 3183 856 3254 ούκ
879 3181 919 3253 ι’ίν
939 3213 991 3267 τις
1013 3187 1132 3274 ἐρίζοι·

185 3283 352 3355 άθάνατσι
373 3289 436 3374 κάρ
457 3289 515 3353 τοῦ
536 3312 574 3354 τε
596 3287 696 3372 δόμοι
718 3287 774 3353 καὶ
797 3285 933 3374 κτήματ’
958 3285 1066 3355 έασιν·

145 3384 313 3473 τιάτδρῶν
335 3384 368 3454 δ’
391 3382 412 3476 η’
433 3389 488 3456 κέν
510 3387 561 3468 τίς
581 3414 639 3473 μοι
663 3388 828 3474 ἐρίσσεται
851 3384 888 3477 ηἐ“
911 3391 966 3456 καὶ
988 3387 1064 3458 ούκί

185 3490 356 3577 κτήμασιν.
402 3482 421 3577 ἦ
442 3491 505 3577 υάρ
528 3492 636 3556 πολλὰ
658 3493 783 3558 παθών
805 3492 861 3557 καὶ
884 3489 983 3558 πόλλ’
1005 3490 1189 3583 ἐπαληθείς

186 3588 355 3681 ἤτατόμην
376 3589 410 3657 ἐν
431 3589 538 3679 νηυσί,
560 3592 616 3657 καί
641 3588 789 3682 ότδοάτρι
810 3592 896 3660 πέτει
921 3588 1040 3682 η’λθον,

187 3692 326 3779 Κύπρον
347 3689 505 3780 Φοινίκην
525 3716 561 3758 τε
582 3695 640 3759 καὶ
662 3691 877 3773 Αίτιπτίοις
898 3693 1095 3782 ἐπαληθείς,

186 3791 372 3874 Αίθίοπάς
394 3791 433 3861 θ’
456 3791 573 3883 λκόμην
595 3795 652 3861 καὶ
673 3794 846 3874 Σιδονίους
868 3797 924 3861 καὶ
951 3793 1126 3882 Ἐρεμβούς

143 3896 244 3963 τεκαὶ
265 3896 413 3985 Λιβύην,
435 3899 490 3962 ἵνα
510 3898 624 3986 τάρνες
645 3892 736 3988 άφαρ
758 3896 871 3983 κεραοὶ
894 3896 1095 3966 τελέθουσιν.

237 4071 269 4119 57
288 4068 402 4139 δαιτρὸς
419 4069 449 4122 δέ
467 4071 566 4137 κρειῶν
584 4074 704 4129 πίνακας
722 4073 881 4137 παρέθηκεν
898 4067 993 4136 άεέριις

286 4158 441 4216 παντοίων,
460 4152 537 4223 παρὰ
555 4153 591 4205 δέ
606 4168 656 4222 σφι
676 4159 741 4219 τίθη
756 4152 874 4224 χρύσεια
891 4151 1020 4206 κύπελλα.

236 4240 269 4291 62
286 4236 409 4308 ἀνδρῶν·
429 4234 461 4289 ού
478 4236 533 4307 τὰρ
550 4240 633 4308 σφῷν
649 4256 680 4292 τε
698 4241 779 4297 τέκος
795 4237 922 4292 ἀπόλωλε
943 4238 1059 4306 τοκήων,

285 4320 346 4373 ἀλλ’
367 4322 479 4391 ἀνδρῶν
496 4325 577 4379 τίνος
594 4324 655 4375 ἐστέ
674 4324 846 4394 διοτρεφέων
862 4323 1000 4390 βασιλήων

285 4407 480 4478 στηπιωῖχων,
500 4409 560 4463 ἐπεὶ
579 4407 613 4463 οὔ
629 4427 659 4464 τε
676 4414 756 4463 κακοί
774 4408 904 4465 τοιούσδε
922 4415 1034 4466 τέκοιεν.
