2858 5026
135 185 156 251 6

137 344 169 405 Ρ.
233 333 423 424 Τηλεμάχου
446 331 610 412 ἐπάνοδος
631 327 679 410 εὐς
696 325 839 419 Ἰθάκην.
1244 336 1284 398 17

203 459 242 517 είς
258 454 308 524 τῆν
325 453 410 510 πόλιν
426 453 518 509 ἐλθὼν
537 455 699 526 Τηλέμαχος
716 451 854 519 διηπεῖται
870 455 904 526 τῆ
920 453 1006 524 μητρὶ
1024 451 1174 527 Πηνελόπη
1192 457 1240 522 τῆς

236 534 398 606 ἀποδημίας
415 533 448 588 τά
466 533 612 606 κεφάλαια.
648 529 816 630 ὕστερονδὲ
803 530 981 591 ὲὈδυσσεύς
998 527 1097 601 ἀχθεὶς
1114 531 1170 587 ὐπὸ
1189 539 1239 588 τοῦ

235 614 365 714 Εὐμαίου
383 617 422 674 είς
436 611 551 683 Ἰθάκην
563 613 621 669 ἀπὸ
639 617 695 669 τῶν
707 610 802 684 ἀπρῶν
819 617 859 672 είς
870 612 901 667 τδ
915 610 1079 684 συμπόσιον
1097 616 1153 669 τῶν
1168 633 1239 686 μνη-

237 695 345 770 στήρων
367 696 529 766 εἰσέρχεται.
563 694 579 750 ό
598 695 630 749 δὲ
646 693 722 749 κύων
742 690 923 762 ἀναπνωρίζει
940 692 990 747 τὸν
1008 691 1157 761 δεσπότην.
1193 697 1240 748 καλ

236 774 363 849 Εὔμαιος
378 775 432 847 μέν
448 778 489 834 είς
505 774 569 836 τούς
580 772 684 848 άπρούς
700 774 882 846 ὑποστρέφει,
897 769 1048 833 Ὀδυσσεύς
1059 774 1091 829 δὲ
1103 770 1178 829 έν
1144 781 1241 834 αυτοῖς

234 860 322 931 μένει.

139 984 175 1045 Σ.
237 973 420 1056 Ὀδυσσέως
440 973 598 1065 καὶἼροο
621 973 745 1064 πυπμή.
1246 981 1285 1044 18

203 1102 355 1169 πενομένης
365 1093 456 1168 μάχης
470 1093 627 1156 Ὀδυσσέως
643 1093 715 1168 πρὸς
727 1094 821 1168 ἕτερον
834 1094 948 1165 πτωχόν
959 1092 1080 1149 έλθόντα
1092 1093 1165 1167 πρός
1176 1094 1241 1156 τούς

236 1180 403 1251 μνηστῆρας,
417 1176 567 1245 Πηνελόπη
585 1175 720 1249 λαμβάνει
731 1177 809 1249 δῶρα
822 1176 900 1248 παρὰ
918 1178 973 1231 τῶν
984 1173 1159 1249 μνηστήρων.
1195 1181 1241 1229 πί-

236 1277 313 1314 νεται
331 1258 362 1312 δὲ
379 1262 428 1310 καί
448 1276 490 1316 τις
506 1260 667 1312 κοινολοπία
684 1258 714 1312 έν
731 1263 790 1317 τοῖς
811 1258 872 1324 ἑξῆς
886 1254 1043 1317 Ὀδυσσέως
1060 1257 1133 1330 πρὸς
1149 1254 1240 1327 Εὐρύ-
1310 1279 1313 1283 ’

238 1357 338 1414 μαχον.

144 1467 179 1526 Τ.
234 1454 416 1536 Ὀδυσσέως
438 1456 495 1523 καὶ
515 1456 712 1548 Πηνελόπης
734 1453 859 1541 ὁμιλία.
903 1454 945 1522 τά
966 1453 1097 1544 νίπτρα.
1247 1470 1284 1530 19

207 1580 259 1633 σὺν
278 1574 432 1648 Τηλεμάχῳ
452 1576 564 1632 ἔκθεσιν
582 1583 704 1633 ποιεῖται
726 1580 780 1632 τῶν
802 1573 897 1631 όπλων
917 1574 1078 1639 Ὀδυσσεύς,
1101 1577 1147 1629 καλ
1169 1576 1242 1650 πρὸς

239 1657 406 1725 Πηνελόπην
428 1657 459 1711 έκ
476 1657 586 1729 Κρήτης
604 1659 676 1714 είναι
697 1656 886 1728 ὑποκρίνεται.
921 1663 1028 1713 πίνεται
1046 1657 1076 1711 δέ
1096 1654 1181 1712 αὐτοῦ
1199 1658 1239 1712 δι’

240 1737 321 1806 οὐλῆς
336 1735 551 1811 άναπνωρισμὸς
567 1736 640 1813 πρὸς
650 1735 822 1811 Εὐρύκλειαν
840 1734 903 1797 τοὺς
920 1734 1014 1797 πόδας
1031 1738 1117 1792 αὐτοῦ
1128 1744 1241 1794 νίπτου-

240 1835 300 1874 σαν.
336 1824 382 1874 καὶ
399 1819 469 1873 κατὰ
482 1821 655 1892 παρέκβασιν
673 1817 687 1871 ό
707 1817 824 1886 ποιητῆς
840 1817 976 1887 διηπεΐται
991 1815 1027 1877 ὡς
1038 1817 1069 1874 έν
1080 1824 1241 1892 Παρνασσῷ
1262 1877 1264 1881 ‚

239 1898 295 1954 ὐπὸ
314 1901 381 1961 συός
398 1898 504 1969 έπλήπη
523 1902 655 1967 κυνηπῶν.

142 2026 178 2086 Υ.
235 2020 277 2086 τά
299 2021 365 2108 πρὸ
386 2020 445 2108 σῆς
465 2016 756 2107 μνηστηροφονιας.
1243 2038 1284 2103 20

206 2142 352 2207 βουληθεὶς
369 2136 508 2194 ἀνελεῖν“
496 2158 511 2190 ο
528 2135 722 2197 Ὀδυσσεύς“
694 2156 743 2197 τας
758 2140 932 2210 μιπνυμένας
949 2144 1009 2198 τοῖς
1024 2142 1184 2215 μνηστῆρσι
1195 2147 1243 2196 θε-

240 2224 385 2290 ραπαίνας,
404 2214 523 2290 ὕστερον
540 2218 571 2271 δέ
582 2216 744 2317 μεταπνοός,
763 2215 811 2271 διὰ
829 2237 884 2273 των
894 2219 956 2287 ἑξῆς
973 2239 1045 2292 προς
1055 2219 1185 2292 Ευμαιον
1196 2226 1243 2275 καλ

241 2302 388 2355 ψιλοίτιον
406 2298 573 2353 διαλέπεται·
595 2287 665 2353 έν
643 2319 664 2368 ῳ
682 2302 729 2351 καλ
750 2301 806 2353 τῶν
826 2298 994 2374 μνηστήρων
1009 2302 1118 2355 πίνεται
1135 2301 1241 2375 ὁμιλία.

142 2426 182 2486 Φ.
239 2417 337 2499 τόξου
360 2418 406 2487 θ
406 2441 467 2499 σις
660 2492 664 2499 ,
1244 2441 1282 2502 21

208 2537 357 2608 Πηνελόπη
375 2543 414 2610 τῷ
432 2544 550 2596 τείνοντι
567 2539 599 2593 τὸ
613 2538 694 2603 τόξον
706 2537 842 2614 όμολοπεῖ
851 2539 901 2595 τὸν
912 2541 997 2611 αὐτῆς
1007 2539 1109 2615 πάμον.
1143 2542 1243 2599 Ὀδυσ·

241 2618 306 2680 σεύς
323 2621 353 2674 δὲ
365 2618 483 2692 Εὐμαίῳ
500 2624 546 2674 καλ
564 2624 700 2692 Φιλοιτίηι
717 2619 909 2694 ἐντειλάμενος
927 2627 992 2696 περὶ
1010 2626 1059 2692 τῆς
1075 2626 1131 2679 τῶν
1148 2629 1244 2698 θυρῶν

240 2699 395 2774 ἀσφαλείας
412 2698 494 2763 αὐτός
511 2699 613 2775 ἀφίησι
630 2704 662 2757 τὸ
680 2708 759 2771 βέλος
776 2703 824 2757 διὰ
843 2707 897 2758 τῶν
915 2708 1063 2769 πελέκεων,
1086 2699 1171 2759 ἀλλου
1188 2710 1243 2760 τεῖ-

238 2803 285 2840 ναι
303 2784 335 2838 τδ
355 2782 435 2847 τόξον
451 2784 491 2856 μῆ
510 2784 687 2851 δυνηθέντος.

139 2909 182 2970 Χ.
239 2900 512 2992 μνηστηροφονία.
1246 2928 1286 2989 22

155 3064 159 3070 .
208 3021 242 3076 τά
255 3019 359 3094 περὶ
331 3040 381 3090 την
391 3027 639 3097 μνηστηροφονίαν
648 3020 839 3098 ίρπασάμενος
848 3023 998 3086 Ὀδυσσεὺς
1007 3024 1152 3100 παρούσης
1163 3025 1243 3097 Ἀθη·

240 3105 291 3162 νᾶς
312 3102 342 3157 ἐν
364 3112 422 3164 τοῖς
442 3105 502 3170 ἑξῆς
525 3100 574 3162 τὰς
595 3109 771 3177 θεραπαίνας
792 3104 841 3157 διὰ
864 3105 1031 3181 Τηλεμάχου
1053 3111 1100 3163 καὶ
1121 3113 1177 3166 τῶν
1200 3116 1243 3164 οὶ-

241 3191 323 3239 κείων
339 3179 482 3246 κολάζει“
464 3203 524 3255 αμα
542 3186 707 3253 Μελανθίῳ.

145 3309 185 3372 Ψ.
240 3296 460 3380 Ὀδυσσέως“
443 3301 510 3367 υπδ
532 3299 771 3391 Πηνελόπης’
750 3327 948 3392 αναπνωρισμ
948 3305 1007 3386 ιός.
1246 3327 1286 3388 23

208 3423 323 3488 ἀππελία
346 3418 513 3495 Εὐρυκλείας
534 3421 684 3496 Πηνελόπη
710 3428 776 3493 περὶ
804 3429 853 3479 τοῦ
872 3423 1030 3487 Ὀδυσσέως
1053 3429 1099 3482 καὶ
1121 3430 1168 3498 τῆς
1189 3433 1244 3487 τεόν

239 3501 405 3579 μνηστήρων
429 3497 608 3574 ἀναιρέσεως,
641 3500 857 3579 ἀναπνωρισμός
883 3525 912 3562 τε
938 3505 1023 3578 αὐτῆς
1048 3506 1121 3584 πρὸς
1145 3507 1244 3566 Ὀδ-υσ

241 3588 300 3651 σέα,
317 3588 363 3638 καλ
380 3583 436 3638 τῶν
447 3586 493 3649 τῆς
505 3580 612 3651 πλάνης
624 3584 805 3656 διηπημάτων
816 3586 1064 3660 ἀνακεφαλαίωσις,
1082 3596 1128 3645 καλ
1144 3588 1242 3647 ’-οδυσ

241 3669 311 3725 σέως
327 3668 374 3718 καλ
393 3662 558 3736 Τηλεμάχου
575 3663 645 3736 μετὰ
663 3686 719 3723 των
737 3669 847 3722 ολκείων
866 3668 969 3730 ἔξοδος.

139 3770 180 3836 Ω.
237 3764 349 3836 νέκοια
371 3763 515 3855 δευτέρα.
560 3755 714 3835 σπονδαί.
1245 3817 1286 3880 24

208 3887 258 3950 τὰς
274 3892 330 3944 τῶν
345 3884 512 3960 μνηστήρων
531 3885 624 3958 ψυχάς
637 3887 738 3962 Ερμῆς
759 3884 891 3986 ελςΑιδου
913 3889 1034 3958 κατάπει,
1052 3891 1131 3948 ταδ’
1116 3913 1242 3951 αναπνω·

241 3989 343 4064 ρισμὸς
361 3990 518 4049 Ὀδυσσέως
542 3995 650 4046 πίνεται
672 3991 745 4063 πρὸς
766 3992 816 4047 τόν
843 3994 942 4049 ἑαυτοῦ
969 4001 1076 4094 πατέρα
1102 4000 1242 4094 Λαέρτην.

240 4075 287 4125 καὶ
304 4072 427 4143 ταραχήν
444 4077 504 4131 τοῖς
516 4069 688 4141 Ἰθακησίοις
703 4079 889 4148 πεπενημένην
900 4077 993 4130 έπλ
961 4096 993 4152 τη
1011 4082 1067 4134 τῶν
1077 4077 1245 4153 μνηστήρων

241 4149 385 4225 ἀναιρέσει
404 4151 508 4221 Ἀθηνᾶ
526 4152 631 4210 κωλύει.

590 4293 790 4304 -u--e-—o-
