2858 5026
194 223 236 287 95
565 222 589 270 8.
627 219 877 273 mmm
896 222 921 272 ο

193 372 290 441 όσσον
310 370 341 440 τ’
362 373 397 441 έν
417 374 495 461 νειῷ
517 364 612 462 οὖρον
634 373 730 441 πέλει
750 372 931 462 ἡμιόνοιιν,

53 517 62 539 .
140 505 179 546 ιυε
191 475 313 544 τόσσον
333 470 572 562 ὑπεκπροθέων
593 475 692 554 λαούς
713 471 813 554 ἵκεθ’,
836 471 873 543 οἳ
892 475 930 543 δέ
944 473 1092 543 λίποιτο.

191 572 226 644 όί
245 577 282 642 δέ
303 574 551 664 παλαιμοσύνης
573 571 739 664 άλει-εινῆς
761 576 974 665 πειρήσαντο·

190 679 230 768 τῇ
252 673 285 744 δ’
307 671 380 744 αὖτ’
401 673 570 763 Εὐρύαλος
591 672 790 744 ἀπεκαίνυτο
812 677 940 757 πάντας
961 675 1123 767 άρίστους.

191 776 314 864 ἅλματι
337 775 369 846 δ’
391 775 578 870 Ἀμφίαλος
599 777 730 844 πάντων
750 779 1026 868 προφερέστατος·
1036 773 1106 868 ἦεν·

191 880 295 970 δίσκῳ
318 876 348 946 δ’
372 873 413 946 αὖ
434 879 569 947 πάντων
590 881 674 947 πολδ
697 879 856 970 φέρτατος
877 873 934 971 ἦεν
951 878 1135 970 Ἐλατρεύς,

138 1013 177 1053 ια
190 982 259 1063 πύξ
279 978 311 1049 δ’
333 974 373 1049 αύ
394 980 587 1065 Λαοδάμας
608 977 739 1063 άναθδς
760 982 844 1062 πάις
864 979 1057 1052 Ἀλκινόοιο.

233 1082 333 1172 αύτάρ
355 1083 432 1152 ἐπεὶ
455 1084 495 1173 δη
517 1081 639 1164 πάντες
659 1082 876 1173 ἐτέρφθησαν
897 1082 990 1175 φρέν’
1012 1081 1166 1164 άέθλοις,

188 1192 259 1267 τοῖς
279 1183 342 1275 άρα
364 1186 555 1269 Λαοδάμας
575 1187 709 1276 μετέφη,
731 1186 816 1266 πάις
838 1183 1034 1269 Ἀλκινόοιο,

120 1284 124 1301 '
185 1286 313 1371 ((δεέπε,
336 1287 444 1379 φίλοι,
461 1288 522 1354 ’τόν
543 1288 645 1368 ξεῖνον
666 1287 824 1373 έρώμεθα
846 1286 881 1356 εἴ
898 1286 963 1356 τιν’
985 1285 1109 1358 άεθλον

189 1391 280 1464 εοῖδέ
300 1415 336 1457 τε
356 1389 414 1457 καὶ
437 1388 585 1476 δεδάηκε.
628 1389 714 1478 φυήν
733 1415 772 1456 νε
792 1390 852 1473 μέν
875 1387 912 1458 οὗ
934 1391 1035 1472 κακός
1055 1391 1156 1470 ἐστιν,

138 1525 177 1566 1³5
189 1492 311 1584 μηρούς
331 1517 367 1559 τε
388 1489 512 1579 κνήμας
532 1514 568 1556 τε
589 1489 647 1557 καὶ
669 1487 770 1581 άμφω
790 1497 901 1580 χεῖρας
921 1491 1068 1582 ύπερθεν

191 1593 309 1678 αὐχένα
330 1619 367 1660 τε
388 1592 546 1680 στιβαρόν
565 1592 651 1675 μένα
672 1616 708 1659 τε
729 1593 864 1673 σθένος·
888 1591 967 1662 ούδέ
985 1619 1020 1661 τι
1041 1592 1126 1683 ἥβης

191 1696 331 1764 δεύεται.
375 1691 458 1761 ἀλλὰ
480 1698 614 1762 κακοῖσι
635 1692 846 1785 συνέρρηκται
868 1696 1058 1765 πολέεσσιν·

191 1796 228 1865 ού
248 1798 312 1887 πὰρ
334 1795 398 1865 ἒνώ
419 1797 458 1866 σέ
477 1794 512 1863 τί
533 1819 620 1886 φημι
642 1797 823 1886 κακώτερον
844 1794 926 1867 άλλο
946 1796 1121 1886 θαλάσσης

190 1895 293 1988 άνδρο
313 1924 351 1966 ιε
372 1900 539 1982 συνχεῦαι,
562 1894 592 1964 εἰ
613 1897 672 1965 καὶ
692 1897 783 1983 μάλα
803 1901 960 1989 καρτερός
981 1894 1061 1988 εἰἠ.”

100 1992 104 1998 ’
137 2037 175 2076 140
230 2003 288 2069 τόν
310 1998 340 2068 δ’
364 1992 435 2067 αὖτ’
456 1996 622 2087 Εύρύαλος
644 1996 865 2088 άπαμείβετο,
888 2001 1036 2092 φώνησέν
1056 2025 1093 2066 τε

184 2099 409 2188 αΛαόδαμαν,
431 2101 521 2186 μάλα
541 2109 640 2169 τοῦτο
660 2103 765 2183 εέπος
786 2105 871 2170 κατά
891 2109 1009 2193 μοῖραν
1030 2098 1188 2182 έεειπες.”

233 2201 334 2293 αύτδρ
356 2202 432 2271 ἐπεὶ
454 2202 493 2270 τό
514 2198 548 2268 ν’
572 2198 686 2270 όκουσ’
709 2200 841 2285 άναθδς
862 2204 948 2286 πάις
968 2201 1170 2286 Ἀλκινόοιο,

189 2308 251 2396 στῆ
273 2305 304 2395 ῥ’
326 2305 360 2385 ἒς
380 2303 501 2389 μέσσον
522 2300 580 2371 ἰών
601 2304 659 2371 καὶ
678 2301 841 2393 Ὀδυσσῆα
862 2305 1083 2393 προσένειπεν

137 2405 301 2495 ιιε“δει”·ρ’
324 2403 383 2474 άεε
403 2406 461 2472 καὶ
484 2405 539 2488 σύ,
562 2406 644 2486 ξεῖνε
664 2406 785 2498 πάτερ,
809 2404 967 2496 πείρησαι
989 2406 1133 2491 α’έθλιον,

190 2507 225 2578 εἴ
242 2507 316 2576 τινά
337 2532 404 2575 που
427 2506 596 2597 δεδάηκας.
641 2505 749 2577 ένοικε
771 2508 810 2578 δέ
831 2507 863 2577 σ’
885 2507 979 2596 ἴδμεν
1002 2507 1159 2592 άέθλους·

190 2608 227 2679 ού
247 2612 311 2702 μὴν
330 2611 392 2698 πάρ
414 2609 523 2697 μεῖζον
543 2609 637 2690 κλέος
658 2607 783 2699 άνέρος,
807 2606 896 2703 όφρα
917 2610 950 2679 κ’
972 2609 1080 2704 έησιν,

188 2709 211 2804 ἢ
231 2711 286 2781 ότι
307 2709 431 2782 ποσσίν
450 2736 487 2780 τε
507 2712 580 2803 ῥέξη
602 2713 660 2780 καὶ
679 2713 772 2803 χερσὶ
792 2717 913 2806 εεῇσιν.

188 2810 256 2882 ἀλλ’
279 2809 338 2882 άνε
359 2811 534 2904 πείρησαι,
557 2813 721 2882 σκέδασον
743 2812 778 2881 δ>
800 2813 871 2884 άπὸ
892 2808 996 2906 κήδεα
1015 2816 1137 2901 θυμοῦ.

136 2942 175 2983 ιεο
190 2917 243 2985 σοὶ
266 2913 299 2983 δ’
322 2912 401 2996 όδός
424 2914 534 2984 ούκέτι
557 2918 656 3006 δηρόν
677 2914 873 3001 άπέσσεται,
896 2916 979 2986 άλλά
1000 2943 1055 2986 τοι
1076 2915 1140 3007 ἤδη

189 3019 265 3106 νηός
285 3043 321 3084 τε
342 3015 553 3104 κατείρυσται
574 3019 633 3085 καὶ
654 3018 810 3108 ἐπαρτέες
831 3018 916 3089 εἰσὶν
936 3015 1091 3108 έταῖροι.”

230 3118 287 3186 τὸν
309 3115 338 3185 δ’
362 3116 629 3205 ἀπαμειβόμενος
650 3122 805 3211 προσέφη
827 3123 1009 3212 πολύμητις
1028 3118 1199 3201 Ὀδυσσεύς

183 3217 409 3305 ((Λαόδαμαν,
431 3218 466 3288 τί
486 3246 528 3305 με
548 3222 653 3288 ταῦτα
672 3221 819 3290 κελεύετε
839 3224 1081 3313 κερτομέοντεςς

189 3322 291 3411 κη’δεά
311 3347 371 3407 μοι
392 3322 450 3389 καὶ
470 3323 595 3407 μᾶλλον
616 3321 664 3390 ένὶ
685 3323 802 3413 φρεσὶν
823 3320 845 3411 η’
866 3349 929 3412 περ
954 3320 1092 3406 άεθλοι,

136 3451 175 3493 σε
190 3418 228 3504 ὃς
248 3424 329 3512 πρὶν
348 3423 409 3509 μὲν
428 3422 519 3508 μάλα
539 3424 648 3490 πολλοὶ
669 3424 785 3493 πάθον
806 3428 864 3493 καὶ
885 3427 994 3493 πολλὰ
1014 3425 1161 3515 μόνησα,

187 3526 242 3592 νῦν
264 3526 301 3593 δὲ
321 3523 401 3611 μεθ’
425 3521 560 3614 ὑμετέρῃ
583 3521 689 3617 άνορῇ
710 3526 841 3595 νόστοιο
863 3526 959 3611 χατίζ
1015 3568 1020 3577 ·

187 3620 284 3718 ἧμαι,
307 3626 497 3711 λισσόμενος
519 3627 664 3718 βασιλῆά
685 3655 723 3697 τε
743 3629 852 3697 πάντα
873 3655 909 3697 τε
931 3626 1064 3720 δῆμον.”

229 3731 287 3798 τὸν
309 3726 342 3796 δ’
365 3723 435 3796 αὖτ’
458 3725 624 3818 Εύρύαλος
645 3727 854 3819 ἀπαμείβετο
874 3729 1000 3799 νείκεσέ
1018 3728 1050 3798 τ’
1072 3727 1177 3821 άιτην.

184 3828 248 3900 “ού
268 3830 332 3920 νάρ
354 3827 385 3898 σ’
409 3828 497 3912 ούδέ,
521 3834 615 3915 ξεῖνε,
639 3833 779 3923 δαήμονι
801 3834 890 3923 φωτὶ
911 3832 1053 3901 miano)

135 3964 175 4005 ιυο
189 3930 317 4016 άθλων,
340 3924 398 4000 οἷά
417 3958 454 4000 τε
475 3935 582 4001 πολλοὶ
602 3932 676 4020 μετ’
698 3932 917 4023 α’νθρώποισι
938 3936 1111 4019 πέλονται,

189 4031 273 4103 άλλά
292 4037 342 4124 τῷ
364 4033 400 4115 ός
421 4032 459 4102 θ’
483 4033 553 4122 όμα
575 4037 627 4127 νηὶ
648 4037 848 4127 πολυκλήιδι
871 4037 1035 4125 θαμίζων,

188 4133 287 4227 άρχδς
306 4136 454 4205 ναυτάων
476 4140 567 4207 οἵτε
588 4141 770 4230 πρηκτῆρες
790 4137 897 4224 έασιν,

223 4363 271 4415 142
289 4361 372 4423 αὐτὸς
388 4366 439 4419 νῦν
456 4362 648 4436 προκάλεσσαι
665 4362 715 4418 tem
732 4366 778 4417 καλ
796 4359 927 4438 πέφραδε
943 4368 1048 4436 μῦθον.
