2858 5026
188 204 250 270 173
551 205 590 250 ιι.
627 195 920 255 ommam&

134 350 236 423 ιισ“αλ
259 355 348 447 φίλε,
371 353 422 432 τίς
442 353 505 439 νύρ
528 377 565 419 σε
587 352 710 441 πρίατο
734 352 902 419 κτεάτεσσι
927 355 1066 430 τεοῖσιν,

186 451 251 524 ὦδε
272 453 348 542 μόλ’
370 452 507 545 ἀφνειός
528 455 585 521 καὶ
608 455 763 542 καρτερός
785 452 829 532 ὡς
852 448 1027 540 ἀνορεύεις.

186 561 251 649 ‘mk
273 556 305 624 δ’
328 555 424 623 αύτόν
446 555 601 646 φθίσθαι
624 553 864 640 Ἀταμὲμνονος
887 555 993 620 εἵνεκα
1014 556 1122 642 τιμῆς.

185 660 284 727 νειπέ
305 683 379 744 μοι,
404 656 438 725 εἴ
457 659 494 724 κέ
514 663 605 723 ποθι
626 657 719 723 ι-νιόω
740 659 892 724 τοιοῑτον
914 653 1017 722 ε’όνια.

188 763 272 841 Ζεδς
293 762 354 848 νύρ
378 785 444 825 που
466 757 505 824 τό
526 783 564 825 τε
584 761 677 825 νοῖδε
698 759 754 824 καὶ
778 755 946 847 ἀθάνατοι
969 756 1046 823 θεοὶ
1070 753 1180 838 ὀίλλοι,

135 888 174 932 ιιο
188 861 224 930 εἴ
242 863 280 929 κέ
300 888 359 946 μιν
381 858 571 944 ἀντείλαιμι
592 859 710 926 ειδαίν·
733 858 792 927 ἐπὶ
814 857 923 925 πολλοὶ
946 853 976 923 δ’
1001 854 1158 946 ἀλήθην.”

229 966 286 1032 τδν
309 960 342 1031 δ’
364 959 511 1053 ἠμείβετ’
534 959 651 1029 ἔπειτα
673 961 822 1050 συβώτης
845 957 988 1047 ὀρχαμος
1010 956 1136 1048 ἀνδρῶν

182 1060 235 1134 “d
255 1067 362 1156 τέρον,
387 1063 425 1133 ού
444 1091 495 1145 τις
517 1071 619 1132 κεῖνον
642 1062 722 1155 ἀνήρ
746 1062 948 1153 ἀλαλήμενος
968 1060 1077 1129 ε’λθοίν

189 1166 352 1235 ἀντέλλων
375 1164 503 1233 πείσειε
522 1167 660 1233 νυναῖκοί
681 1192 717 1232 τε
738 1167 795 1233 καὶ
817 1163 915 1255 φίλον
937 1159 1022 1245 υἱόν,

190 1266 257 1335 ἀλλ’
281 1266 387 1347 ὀίλλως
409 1268 551 1356 κομιδῆς
572 1267 762 1356 κεχρημένοι
786 1265 901 1355 ἀνδρες
923 1263 1041 1354 ἀλῆται

136 1399 174 1438 ωε
190 1367 353 1456 ψεύδοντ’,
378 1366 450 1436 οόδ’
473 1368 647 1437 ἐθέλουσιν
668 1366 799 1457 ἀληθέα
820 1367 1056 1457 μυθήσασθαι.

189 1465 226 1550 ὃς
249 1472 286 1537 δέ
307 1467 337 1535 κ’
363 1468 525 1558 ἀλητεύων
543 1468 677 1557 Ἰθάκης
698 1470 731 1549 ἐς
754 1472 857 1559 δῆμον
878 1472 1006 1559 ἵκηται,

188 1572 298 1640 ἐλθών
319 1571 353 1650 ές
375 1571 553 1638 δέσποιναν
575 1571 654 1660 ε’μήν
677 1569 848 1660 ἀπατήλια
870 1571 981 1658 βάζει·

189 1669 212 1763 η’
235 1670 265 1740 δ’
290 1667 324 1739 εό
348 1672 506 1763 δεξαμένη
529 1672 637 1762 φιλέει
659 1674 716 1739 καὶ
739 1672 862 1740 ἕκαστα
883 1674 1043 1761 μεταλλᾷ,

94 1818 95 1821 ¹
189 1776 324 1843 καίτοι
347 1772 525 1865 ὀδυρομένη
548 1775 721 1865 βλεφάρων
743 1771 813 1841 ὀίπο
836 1774 963 1859 διίκρυα
985 1772 1120 1853 πίπτει,

137 1873 212 1967 13σῆ
232 1877 332 1963 θέμις
353 1876 424 1945 ε’στὶ
445 1876 613 1957 Γυναικός,
636 1876 720 1965 ἐπήν
741 1877 843 1955 πόσις
865 1871 986 1942 ὀλλοθ’
1009 1871 1134 1964 όληται.

190 1973 278 2067 αἶψά
300 2004 337 2045 κε
358 1978 416 2044 καὶ
439 1980 478 2044 σύ
499 1978 614 2064 νεραιὲ
634 1978 739 2057 νέπος
761 1977 1035 2064 παρατεκτήναιο.

188 2082 247 2147 τοῦ
270 2077 303 2144 δ’
325 2076 388 2168 ήδη
410 2080 565 2162 μέλλουσι
587 2079 679 2158 κύνες
699 2079 812 2161 ταχέες
832 2076 863 2145 τ’
887 2076 999 2146 οἰωνοί

191 2183 281 2269 ῥινδν
304 2178 366 2246 ἀπ’
391 2177 546 2268 ὀστεόφιν
567 2179 717 2267 εερύσαι,
740 2183 829 2269 ψυχή
853 2182 890 2247 δὲ
910 2181 1078 2247 λέλοιπεν·

136 2310 174 2348 ιεε
190 2279 213 2372 λη’
232 2283 290 2349 τόν
310 2279 342 2347 τ’
366 2281 398 2347 ἐν
420 2280 532 2367 πόντῳ
556 2280 663 2369 φάτον
685 2279 810 2365 ἰχθύες,
835 2278 937 2348 ὀστέα
960 2278 992 2347 δ’
1015 2277 1116 2346 αύτοῦ

188 2389 295 2450 κεῖται
318 2379 376 2448 ἐπ’
398 2378 537 2470 ήπείρου
560 2382 715 2473 ψαμάθῳ
736 2383 909 2466 εειλυμένα
931 2383 1048 2471 πολλῇ.

188 2475 233 2563 ὦς
255 2477 273 2550 δ
294 2482 354 2568 μέν
376 2480 447 2550 ἕνθ’
472 2479 639 2566 ἀπόλωλε,
662 2481 793 2573 φίλοισι
816 2485 852 2550 δέ
874 2481 966 2573 κήδε’
989 2481 1122 2552 ὀπίσσω

189 2593 306 2666 πᾶσιν,
329 2585 404 2669 ἐμοὶ
428 2584 464 2651 δὲ
486 2584 645 2668 μάλιστα,
668 2586 872 2669 τετεύχαται·
896 2584 934 2653 ού
955 2587 1018 2672 τδρ
1041 2582 1087 2652 ἐτ’
1111 2581 1210 2654 ἀλλον

189 2684 290 2776 ήπιον
311 2678 377 2754 ὦδε
397 2687 541 2754 νάνακτα
563 2687 756 2778 κιχήσομαι,
781 2685 909 2756 ὁππόσ’
932 2687 1082 2768 ἐπέλθω,
1128 2750 1130 2754 ,

136 2816 175 2854 ιιο
190 2786 261 2856 οόδ’
285 2787 321 2857 εἴ
339 2815 393 2856 κεν
414 2791 542 2876 πατρός
563 2791 619 2856 καί
643 2791 779 2880 μητέρος
802 2785 894 2869 αίτις
915 2792 1040 2875 ἵκωμαι

187 2896 312 2971 εοῖκον,
336 2890 398 2957 ὀθι
422 2894 552 2979 πρῶτον
572 2891 709 2979 τενόμην
731 2893 789 2958 καί
810 2889 849 2975 μ’
872 2889 1008 2981 ἔτρεφον
1030 2889 1131 2959 αύτοί.

188 2988 265 3056 σι’·δέ
286 3018 321 3056 νυ
343 2994 407 3056 τῶν
430 2988 480 3057 ἔτι
502 2991 622 3059 τόσσον
644 2989 815 3082 ὀδύρομαι,
841 2989 966 3078 ἱέμενός
988 3019 1050 3083 περ

190 3089 401 3182 ὀφθαλμοῖσι
423 3093 584 3161 ειδέσθαι
607 3094 671 3162 ἐιδν
692 3094 726 3163 ἐν
747 3094 888 3182 πατρίδι
909 3093 1004 3184 τοίη·

190 3190 272 3260 ἀλλά
292 3191 331 3278 μ’
350 3190 527 3283 Ὀδυσσῆος
549 3195 662 3275 πόθος
685 3193 815 3263 αίνιται
840 3194 1035 3279 οἰχομένοιο.

137 3320 175 3360 145
188 3295 246 3360 τὸν
266 3294 324 3379 μέν
347 3293 441 3375 ένιόν,
465 3289 491 3361 ιό
514 3297 609 3376 ξεῖνε,
632 3296 689 3362 καὶ
713 3293 750 3362 ού
773 3292 929 3381 παρεόντ’
953 3293 1127 3380 ὀνομάζειν

190 3392 364 3479 αἰδέομαι·
388 3397 465 3481 περὶ
487 3396 550 3481 σάρ
572 3393 609 3479 μ’
632 3395 742 3485 ἐφίλει
765 3397 822 3462 καὶ
844 3396 962 3486 κήδετο
984 3401 1101 3487 θυμῷ·

188 3493 270 3563 ἀλλά
292 3523 349 3581 μιν
370 3493 489 3586 η’θεῖον
510 3497 615 3564 καλέω
637 3497 694 3564 καὶ
716 3496 834 3587 νόσφιν
856 3496 978 3566 ἑόντα.”

229 3600 286 3665 τὸν
309 3595 342 3664 δ’
366 3592 442 3664 αότε
464 3598 670 3685 προσέεειπε
691 3600 854 3681 πολύτλας
876 3604 946 3682 δῖος
965 3600 1138 3684 Ὀδυσσεύς

185 3691 237 3764 αιό
258 3697 335 3789 φίλ’,
358 3699 434 3766 ε’πελ
457 3701 495 3788 δή
519 3701 664 3784 πάμπαν
686 3699 850 3784 ἀναίνεαι,
874 3701 945 3771 οόδ’
968 3702 1018 3771 έτι
1041 3708 1160 3796 φῇσθα

135 3826 174 3867 ιω
189 3807 295 3870 κεῖνον
316 3801 524 3884 ἐλεύσεσθαι,
547 3803 659 3887 θυμός
681 3804 718 3870 δέ
737 3830 792 3870 τοι
815 3803 885 3872 αἰὲν
907 3801 1066 3886 ὀίπιστος·

189 3900 257 3970 ἀλλ’
279 3903 343 3971 ἕνα)
366 3901 424 3970 οόκ
447 3901 552 3984 αύτως
573 3904 784 3993 μυθήσομαι,
808 3902 892 3972 ἀλλά
915 3907 972 3973 σόν
994 3907 1096 3998 ὅρκῳ,

188 4001 233 4083 αλς
254 4010 358 4072 νεῖται
377 4001 538 4086 Ὀδυσεύς.
582 4004 772 4074 ἐυαττέλιον
794 4006 832 4074 δέ
851 4033 910 4091 μοι
934 4004 1018 4076 έστω

219 4101 394 4130 )Ι))Ι

188 4131 283 4173 αοτικ
318 4131 394 4174 επει
415 4132 469 4174 κεν
490 4113 595 4187 κεῖνος
616 4105 676 4175 ἰιδν
696 4108 738 4175 τὰ
758 4107 802 4174 τὰ
825 4106 961 4193 δείμαθ’
984 4113 1106 4201 ἵκηται.

224 4328 271 4378 132
290 4331 316 4380 εἴ
332 4333 373 4386 τίς
390 4347 432 4381 τοι
446 4327 568 4398 χλαῖνάν
585 4349 615 4395 τε
628 4329 736 4400 χιτῶνά
755 4349 785 4385 τε
800 4335 920 4402 εείματιι
939 4332 1011 4401 δοίη.
