2858 5026
558 269 598 314 ιι.
637 265 914 317 nmmum
1223 270 1289 336 225

136 442 175 480 ιω
189 411 349 496 κείμενον,
373 409 401 502 ᾧ
423 413 454 504 ρ’
476 413 591 498 ἔπεχεν
612 418 775 505 λιπαροὺς
797 422 907 498 πόδας
928 416 1156 500 εἰλαπινάζων.

188 512 219 579 ολ
268 512 393 583 ’ἀλλοι
416 517 537 597 πάντες
560 516 709 599 δίδοσαν,
733 522 863 608 πλῆσαν
885 517 918 585 δ’
941 516 1004 607 ἀρα
1026 519 1133 610 πήρην

187 613 280 682 σίτου
302 617 359 683 καὶ
381 621 505 704 κρειῶν.
550 619 635 702 τάχα
658 622 699 708 δή
722 622 779 687 καὶ
802 618 930 706 ἔμελλεν
948 616 1122 701 Ὀδυσσεός

189 712 283 796 αὖτις
305 714 360 784 ἐπ’
385 715 483 785 οάδδν
505 717 563 785 ίιδν
585 723 725 807 προικός
746 721 926 789 κείσεσθαι
952 718 1107 804 Ἀχαιῶν·

188 821 249 907 στῆ
273 817 310 885 δὲ
333 816 415 906 παρ’
438 817 610 900 Ἀντίνοον,
634 819 693 887 καί
713 848 770 904 μιν
792 823 876 909 πρδς
897 825 1005 906 μόθον
1026 820 1165 890 ἔτειπεν.

135 949 174 987 ιω
184 915 202 942 “
211 919 281 998 δός,
305 918 413 1009 φίλος·
438 918 475 988 οὐ
497 921 561 1011 μήν
582 947 641 1006 μοι
665 924 793 1004 δοκέεις
815 922 833 991 ὁ
856 925 1013 1003 κάκιστος
1034 920 1174 1007 Ἀχαιῶν

188 1017 339 1105 ἔμμεναι,
363 1019 432 1089 ἀλλ’
455 1020 609 1110 ὤριστος,
632 1023 707 1091 ἐπεὶ
729 1027 867 1114 βασιλῆι
888 1026 1052 1104 τέτοικας.

186 1125 233 1210 τῷ
255 1147 292 1190 σε
311 1125 370 1213 χρή
395 1122 531 1208 δόμεναι
554 1124 611 1192 καὶ
632 1125 732 1193 λώιον
749 1123 793 1215 ’ήὲ
816 1151 877 1213 περ
901 1124 998 1194 ἀλλοι

187 1223 294 1292 σίτου·
317 1224 380 1293 ἐτώ
403 1225 442 1292 δέ
462 1225 500 1292 κέ
520 1248 558 1292 σε
579 1224 677 1292 κλείω
699 1223 776 1292 κατ’
799 1223 960 1315 ἀπείρονα
980 1234 1086 1295 ταῒαν.

187 1325 244 1391 καί
265 1328 327 1414 τδρ
349 1325 413 1392 έτιό
437 1352 520 1394 ποτε
540 1333 653 1394 τοῖκον
674 1327 708 1394 έν
729 1325 961 1416 ἀνθρώποισιν
982 1326 1093 1396 ἔναιον

135 1459 174 1498 τοο
189 1423 303 1514 ἔλβιος
326 1425 476 1517 ἀφνειόν,
499 1429 556 1494 καὶ
579 1428 723 1496 πολλάκι
747 1429 865 1497 δόσκον
886 1428 1003 1520 ἀλήτῃ,

185 1528 266 1617 τοίῳ
290 1529 408 1610 ὁποῖος
430 1526 482 1596 ἔοι
504 1530 560 1596 καὶ
584 1527 656 1597 ὅτευ
678 1531 870 1621 κεχρημένος
891 1527 1002 1598 ἔλθοι·

186 1625 269 1721 ήσαν
291 1633 328 1699 δὲ
350 1634 457 1716 δμῶες
477 1632 568 1716 μάλα
589 1630 716 1719 μυρίοι,
741 1629 824 1699 ἀλλα
848 1659 882 1701 τε
903 1632 1010 1701 πολλά

188 1725 275 1800 οἷσίν
296 1729 325 1798 τ’
349 1727 384 1799 εὖ
407 1732 528 1814 ζώουσι
551 1734 608 1798 καὶ
630 1730 762 1821 ἀφνειοὶ
784 1733 965 1800 καλέονται.

187 1831 269 1900 ἀλλά
292 1835 374 1912 Ζεδς
395 1831 547 1915 ἀλάπαξε
568 1832 718 1920 Κρονίων
739 1831 859 1923 (ἤθελε
879 1836 940 1925 κάρ
963 1844 1058 1916 που),

133 1968 173 2007 425
188 1933 224 2013 ὅς
245 1932 281 2019 μ’
304 1935 374 2019 άμα
396 1937 569 2024 ληιστῆρστ
591 1934 898 2003 πολυπλάτκτοισιν
920 1933 1033 2025 ἀνῆκεν

187 2032 400 2103 Αίτοπτόνδ
424 2034 523 2114 ίέναι,
547 2037 679 2126 δολιχήν
702 2033 795 2120 δδόν,
819 2033 893 2127 ὄφρ’
918 2034 1113 2127 ἀπολοίμην.

188 2141 292 2227 στῆσα
315 2135 346 2204 δ’
369 2137 403 2205 ἐν
424 2136 594 2226 Αίτόπτφ
617 2141 760 2226 ποταμῷ
781 2139 856 2219 νέας
878 2137 1131 2230 ἀμφικελίσσας.

188 2237 260 2307 ἔνθ’
283 2234 303 2328 ή
325 2263 379 2306 τοι
400 2238 459 2323 μὲν
480 2238 544 2306 ἕνα)
566 2239 706 2329 κελόμην
727 2239 879 2330 ἒρίτηρας
900 2238 1048 2330 ἑταίρους

189 2337 289 2407 αὐτοῦ
311 2340 379 2426 πάρ
401 2338 514 2428 νήεσσι
536 2339 643 2423 μένειν
663 2340 720 2407 καί
742 2342 820 2429 νῆας
842 2338 998 2428 ἔρυσθαι,

133 2480 173 2518 430
188 2438 335 2530 ὀπτῆρας
357 2441 395 2508 δέ
416 2440 501 2506 κατὰ
523 2442 668 2520 σκοπιάς
690 2436 817 2530 ἀίτρυνα
837 2442 989 2511 νέεσθαι·

187 2540 223 2611 οἳ
243 2540 274 2609 δ’
297 2541 374 2628 όβρι
395 2540 572 2622 τείξαντες,
595 2541 818 2627 ἐπισπόμενοι
840 2544 934 2627 μένεϊ
954 2546 1044 2633 σφῷ,

187 2637 276 2731 αἶψα
296 2641 372 2728 μάλ’
395 2641 596 2710 Αίτυπτίων
617 2639 741 2728 ἀνδρῶν
764 2644 982 2729 περικαλλέας
1004 2643 1122 2733 ἀτροός

186 2744 348 2833 πόρθεον,
372 2743 408 2811 ἐκ
431 2742 467 2809 δὲ
488 2747 643 2820 τοναῖκας
665 2739 745 2809 ἀτον
765 2744 821 2809 καὶ
844 2744 947 2832 νήπια
968 2744 1077 2825 τέκνα,

187 2844 304 2924 αάτοός
324 2871 361 2912 τε
381 2849 513 2911 κτεῖνον.
558 2843 646 2926 τάχα
668 2841 700 2909 δ’
722 2842 755 2922 ἐς
776 2842 877 2910 πάλιν
898 2842 980 2911 ἵκετ’
1004 2841 1097 2935 ἀυτή,

132 2985 171 3024 435
188 2946 223 3015 οἳ
242 2948 278 3015 δὲ
300 2948 381 3035 βοῆς
403 2943 531 3024 ἀίοντες
554 2942 611 3028 ἀμ’
633 2941 690 3034 ήοῖ
710 2945 956 3034 φαινομένηφιν

186 3043 307 3141 ήλθον·
330 3051 437 3137 πλῆτο
460 3046 497 3113 δὲ
518 3048 586 3111 πᾶν
607 3044 725 3113 πεδίον
746 3047 854 3128 πεζῶν
875 3071 912 3113 τε
933 3049 990 3114 καί
1011 3052 1128 3116 ἵππων

185 3154 308 3235 χαλκοῦ
328 3176 364 3217 τε
386 3150 557 3236 στεροπῆς.
601 3147 636 3215 ἐν
658 3147 695 3215 δὲ
716 3149 800 3227 Ζεδς
820 3147 1073 3237 τερπικέραυνος

188 3255 293 3344 φύζαν
315 3253 405 3337 ἐμοῖς
426 3248 577 3338 ἑτάροισι
598 3251 701 3339 κακήν
721 3249 834 3335 βάλεν,
858 3248 935 3317 οὐδέ
955 3274 1007 3330 τις
1030 3248 1105 3340 ἔτλη

188 3359 302 3446 στῆναι
325 3350 520 3438 ἐναντίβιον·
543 3352 621 3440 περὶ
642 3351 704 3439 τδρ
727 3352 812 3418 κακά
835 3349 1004 3419 πάντοθεν
1025 3349 1111 3442 ἔστη.

134 3495 173 3533 440
187 3453 261 3524 ἔνθ’
282 3454 390 3546 ήμέων
412 3454 554 3532 πολλοὺς
574 3453 634 3537 μὲν
656 3449 840 3519 ἀπέκτανον
863 3450 932 3534 ὀξέι
954 3455 1076 3543 χαλκῷ,

185 3559 262 3638 τοδς
285 3555 315 3625 δ’
339 3553 458 3624 ἔνατον
481 3556 596 3636 ζωοός,
618 3552 717 3643 σφίσι
738 3556 960 3643 τερτόζεσθαι
984 3552 1119 3644 ἀνάτκη.

188 3657 289 3748 αάτδρ
311 3655 363 3743 ἔμ’
386 3657 419 3738 ἐς
440 3656 577 3746 Κύπρον
599 3653 693 3742 ξείνῳ
717 3654 820 3722 δόσαν
842 3653 1048 3738 ἀντιάσαντι,

186 3761 338 3851 Δμήτορι
357 3757 495 3850 Ἰασίδη,
520 3752 557 3838 δς
579 3755 719 3842 Κύπρου
740 3760 816 3843 τῖφι
839 3757 1007 3823 τάνυσσεν.

188 3861 283 3930 ἔνθεν
306 3863 345 3951 δή
368 3863 421 3927 νῦν
443 3863 539 3948 δεῦρο
560 3854 635 3925 τόδ’
657 3860 719 3924 ἵκω
741 3857 880 3945 πήματα
902 3855 1067 3940 πάσχων.”

134 4000 174 4040 4⁴5
229 3965 285 4030 τόν
308 3960 338 4028 δ’
363 3957 435 4028 αὖε)
458 3958 622 4039 Ἀντίνοος
644 3954 864 4043 ἀπαμείβετο,
888 3957 1036 4046 φώνησέν
1057 3984 1092 4024 τε

184 4061 261 4144 “τίς
283 4061 411 4147 δαίμων
431 4061 509 4128 τόδε
530 4063 628 4149 πῆμα
649 4058 841 4148 προσήκοι-ε
864 4060 979 4139 δαιτός
1002 4056 1109 4148 ἀνίην,·

188 4162 290 4255 στῆθ’
314 4162 416 4243 οότως
437 4163 471 4243 ἐς
491 4161 625 4246 μέσσον,
648 4160 730 4249 έμῆς
752 4158 924 4228 ἀπάνευθε
945 4159 1118 4251 τραπέζης,

188 4269 233 4356 μή
255 4266 340 4349 τάχα
362 4266 484 4354 πικρήν
505 4259 687 4331 Αίτνπτον
707 4262 764 4328 καί
786 4261 924 4348 Κάπρον
946 4265 1052 4352 ἵκηαι,

190 4366 235 4448 ὥς
255 4393 308 4448 τις
329 4365 515 4455 θαρσαλέος
536 4363 594 4431 καὶ
617 4358 757 4451 ἀναιδής
777 4361 852 4430 έσσι
875 4360 1062 4453 προΐκτης.”

1060 4473 1091 4521 15
