2858 5026
552 256 591 302 11.
629 251 920 306 ΟΔΤΣΣΕΙΑΣΛ

229 404 287 471 καὶ
314 403 432 471 Τιτυόν
453 405 575 485 εεῖδον,
600 403 703 493 Γαίης
725 404 891 494 ἐρικυδέος
912 403 997 485 υλύν,

188 503 334 590 κείμενον
355 505 389 573 έν
411 506 559 592 δαπέδῳ.
604 499 623 572 ὃ
645 503 677 573 δ’
699 503 756 575 ἐπ’
780 507 872 576 ἐννέα
892 514 982 575 κεῖτο
1004 510 1169 597 πέλεθρα,

186 611 272 674 τῦπε
294 605 331 674 δέ
349 633 407 690 μιν
427 606 609 695 εεκάτερθε
632 607 806 697 παρημένω
828 599 920 696 ἧπαρ
943 606 1080 700 ἔκειρον,

189 709 320 796 δέρτρον
341 703 405 773 έσω
429 708 590 786 δύνοντες·
614 703 633 772 δ’
656 704 689 774 δ’
712 704 770 774 ούκ
793 705 983 793 ἀπαμύνετο
1004 710 1128 798 χερσίν·

135 839 176 879 τεο
189 810 296 899 Λητοῖ
316 809 379 897 τδρ
400 808 534 898 ήλκησε,
557 809 642 888 Διὸς
663 810 783 898 κυδρήν
805 811 1019 896 παράκοιτιν,

188 906 333 976 Πυθῶδ’
355 908 528 997 ἐρχομένην
549 911 607 976 διά
629 911 825 1000 καλλιχόρου
846 915 1036 1002 Πανοπῆος.

230 1012 288 1076 καὶ
309 1011 371 1098 μήν
398 1008 562 1078 Τάνταλον
583 1010 732 1079 έσεεῖδον
753 1011 882 1101 κρατέρ’
905 1010 996 1080 άλτέ
1019 1009 1149 1095 έχοντα,

190 1108 321 1179 ἑσταότ’
343 1111 377 1178 έν
397 1108 508 1200 λίμνη·
531 1105 554 1198 ή
577 1111 613 1178 δὲ
634 1112 849 1199 προσέπλαζε
869 1113 993 1202 τενείηι.

190 1214 302 1279 στεῦτο
324 1211 361 1279 δὲ
383 1211 529 1299 διψάων,
553 1213 662 1279 πιέειν
684 1209 715 1278 δ’
741 1209 800 1280 ούκ
822 1207 906 1297 εἶχεν
928 1211 1082 1282 ἑλέσθαι·

135 1342 175 1382 ωε
190 1309 310 1379 ὁσσάκι
330 1314 393 1400 νάρ
415 1310 529 1399 κύψει’
551 1310 570 1379 δ
591 1313 700 1402 τέρων
713 1313 825 1382 πιέειν
845 1313 1033 1398 μενεαίνων,

187 1408 324 1494 τοσσάχ’
346 1409 434 1500 ύδωρ
458 1408 653 1481 ἀπολέσκετ’
675 1408 864 1501 ἀναβροχιέν,
890 1411 978 1502 ἀμφὶ
1001 1416 1039 1482 δὲ
1060 1414 1181 1484 ποσσίν

187 1519 267 1579 ναῖα
288 1514 427 1597 μέλαινα
449 1512 604 1602 φάνεσκε,
627 1513 850 1602 καταζήνασκε
873 1514 910 1581 δέ
932 1513 1067 1601 δαίμων.

189 1613 322 1698 δένδρεα
345 1610 377 1680 δ’
399 1611 592 1701 ὑψιπέτηλα
612 1611 684 1679 κατ’
708 1609 854 1703 δίκρηθεν
875 1613 928 1698 χέε
949 1617 1089 1703 καρπόν,

190 1711 304 1796 ότχναι
325 1713 384 1781 καὶ
406 1713 497 1802 ῥοιαὶ
519 1713 576 1780 καὶ
598 1712 719 1801 μηλέαι
743 1710 975 1801 ἀτλαόκαρποι

135 1846 176 1885 εοο
190 1816 305 1882 συκέαι
326 1839 363 1881 τε
383 1813 536 1900 τλυκεραὶ
558 1814 615 1880 καὶ
637 1813 748 1880 ἐλαῖαι
768 1815 994 1904 τηλεθόωσαι·

187 1917 253 1982 τῶν
275 1912 376 1982 ὁπότ’
399 1911 524 1982 ἰθύσει’
549 1912 690 2002 δτέρων
712 1913 772 1981 ἐπὶ
792 1915 884 2001 χερσὶ
905 1915 1099 1999 μάσασθαι,

188 2019 249 2096 τάς
270 2013 300 2083 δ’
324 2015 442 2101 δίνεμος
463 2013 625 2105 ῥίπτασκε
645 2015 728 2082 ποτὶ
749 2016 848 2105 νέφεα
870 2014 1030 2083 σκιόεντα.

231 2116 288 2183 καὶ
309 2118 372 2206 μήν
393 2117 540 2207 Σίσυφον
561 2116 708 2185 έσεεῖδον
729 2114 862 2206 κρατέρ’
885 2113 975 2184 άλιέ
999 2114 1127 2200 ἔχοντα,

188 2220 271 2285 λᾶαν
292 2217 499 2301 βαστάζοντα
520 2218 684 2305 πελώριον
706 2213 939 2308 ἀμφοτέρῃσιν.

136 2314 211 2408 ιωή
232 2345 286 2387 τοι
310 2314 329 2386 ὃ
350 2319 411 2404 μέν
431 2317 693 2408 σκηριπτόμενος
713 2315 823 2404 χερσίν
843 2343 880 2384 τε
902 2316 1001 2386 ποσίν
1021 2343 1058 2385 τε

188 2423 270 2487 λᾶαν
292 2416 359 2487 ἀνω
381 2415 511 2488 ἀίθεσκε
532 2419 614 2488 ποτὶ
635 2419 753 2509 λόφον·
777 2415 849 2486 ἀλλ’
874 2417 930 2486 ὅτε
951 2417 1066 2504 μέλλοι

189 2519 288 2610 ἀκρον
309 2518 539 2610 ὑπερβαλέειν,
562 2517 631 2587 τότ’
656 2516 916 2609 ἀποστρέψασκε
937 2518 1103 2608 κραταιίς·

191 2616 283 2700 αύτις
305 2620 425 2689 ἔπειτα
447 2621 589 2689 πέδονδε
609 2618 777 2687 κυλίνδετο
798 2621 881 2698 λᾶας
904 2617 1050 2708 ἀναιδής.

191 2720 292 2811 αύτδρ
315 2721 335 2790 δ’
355 2719 387 2788 τ’
411 2716 464 2808 ἀψ
486 2717 615 2788 ύίσασκε
636 2720 875 2804 τιταινόμενος,
899 2723 983 2787 κατά
1007 2717 1039 2785 δ’
1062 2716 1159 2808 ῖδράς

138 2853 177 2893 εοο
190 2820 295 2910 ἔρρεεν
316 2823 352 2890 έκ
372 2821 510 2908 μελέων,
532 2819 625 2911 κονίη
649 2816 685 2887 δ’
708 2819 744 2887 έκ
765 2821 884 2909 κρατός
906 2819 1050 2910 όροίρειν.

231 2926 288 2991 τδν
310 2924 348 2991 δὲ
368 2919 442 3007 μετ’
464 2920 637 3010 εἰσενόησα
657 2919 734 3010 βίην
752 2917 981 3010 Ἡρακληείην,

189 3024 361 3094 εείδωλον·
385 3021 484 3103 αύτδς
505 3023 543 3091 δέ
563 3020 635 3108 μετ’
659 3019 864 3090 ἀθανάτοισι
885 3028 1016 3089 θεοῖσιν

189 3128 346 3213 τέρπεται
369 3125 403 3193 έν
423 3122 547 3215 θαλίης
567 3125 625 3192 καὶ
647 3121 714 3206 ἔχει
735 3122 955 3214 καλλίσφυρον
975 3123 1093 3212 Ἥβην.

137 3260 176 3301 ωε
191 3227 279 3319 ἀμφὶ
302 3227 340 3295 δέ
359 3253 418 3311 μιν
438 3227 561 3315 κλαιτή
584 3224 703 3292 νεκύων
723 3217 762 3314 ήν
784 3221 906 3291 οἰωνῶν
928 3225 985 3305 δίς,

190 3326 330 3397 πάντοσ’
354 3326 571 3413 ἀτυζομένων·
595 3322 615 3393 δ’
637 3324 668 3393 δ’
691 3325 807 3414 ἐρεμνῇ
827 3326 918 3393 νυκτὶ
938 3323 1110 3407 εετοικιός,

189 3431 309 3516 τομνδν
329 3429 426 3511 τόξον
447 3425 529 3512 έχων
550 3427 607 3495 καὶ
629 3426 689 3495 ἐπὶ
710 3435 866 3517 νευρῆφιν
889 3424 1016 3509 όιστόν,

192 3533 300 3600 δεινδν
321 3528 533 3613 παπταίνων,
556 3526 624 3597 αἰεὶ
644 3527 799 3614 βαλέοντι
820 3526 988 3607 εεεοικιύς.

193 3631 392 3721 σμερδαλέος
414 3629 452 3697 δέ
472 3654 530 3696 τοι
551 3625 721 3718 ἀμφιπερὶ
744 3626 925 3716 στήθεσσιν
947 3624 1069 3716 ἀορτήρ

139 3769 180 3810 ειο
192 3735 325 3821 χρύσεος
346 3726 384 3822 ήν
404 3728 563 3815 τελαμών,
587 3730 641 3795 ἵνα
662 3728 807 3796 θέσκελα
827 3727 928 3815 εέρτα
948 3727 1095 3808 τέτυκτο,

194 3831 310 3923 ἀρκτοι
330 3831 362 3901 τ’
385 3828 558 3921 ἀτρότεροί
578 3855 615 3897 τε
637 3828 711 3909 σύες
731 3827 875 3917 χαροποί
896 3853 933 3895 τε
954 3828 1094 3908 λέοντες,

191 3933 324 4019 ὑσμῖναί
343 3959 380 4001 τε
400 3932 506 4017 μάχαι
526 3957 563 3999 τε
585 3929 685 4021 φόνοι
706 3927 737 3996 τ’
760 3926 996 4018 ἀνδροκτασίαι
1017 3953 1062 3994 τε.

192 4037 239 4124 μή
261 4030 495 4122 τεχνησάμενος
514 4028 596 4119 μηδ’
619 4026 697 4098 ἀλλο
717 4056 753 4097 τι
773 4029 968 4118 τεχνήσαιτο

194 4130 232 4214 ὃς
252 4139 358 4201 κεῖνον
377 4133 549 4217 τελαμῶνα
568 4133 628 4219 τεῇ
649 4130 831 4199 έτκάτθετο
852 4131 955 4217 τέχνη.

228 4360 278 4411 604
296 4357 388 4410 παῖδα
405 4354 477 4415 Διὸς
492 4350 628 4427 μετάλοιο
646 4354 692 4405 καὶ
705 4347 791 4422 Ἥρης
804 4351 1023 4424 χρυσοπεδίλου.
