2858 5026
196 213 258 277 136
564 212 604 261 ιο.
641 209 888 262 <mmmm
906 212 930 260 κ

192 363 349 452 ἐξαπίνης
370 361 537 451 ἀνόρουσε,
560 363 618 430 καὶ
640 362 800 430 ἐκλάθετο
822 363 921 451 φρεσί
942 365 1040 451 τῇσιν

192 462 340 554 άιβορρον
361 466 543 553 καταβῆναι
565 461 624 530 ἶολν
645 462 679 541 ἐς
699 460 843 545 κλίμακα
864 459 1004 551 μακρήν,

192 565 274 635 άλλοὶ
295 566 508 652 καταντικρδς
528 565 638 643 τέκεος
659 563 775 631 πέσεν·
797 563 833 630 ἐκ
856 565 894 631 δέ
914 589 968 630 τοι
991 560 1089 652 αὐχήν

140 698 180 739 τοο
194 668 406 758 άστρατάλων
426 667 541 755 ἐνάτη,
564 668 652 755 ψυχή
677 662 705 731 δ’
728 662 906 732 Ἀτιδόσδε
927 666 1100 754 κατῆλθεν.

233 768 440 858 ἐρχομένοισι
463 766 501 833 δέ
521 773 628 833 τοῖσιν
649 766 713 834 ἕνα)
734 766 818 850 μετά
839 769 948 850 μῦθον
970 763 1115 833 έτειπον.

188 866 206 892 “
214 869 330 959 φάσθε
350 869 386 935 νύ
408 893 475 934 που
497 865 650 934 τοικόνδε
671 865 770 959 φίλην
791 867 825 946 ἐς
846 866 994 957 πατρίδα
1014 872 1112 935 ναῖαν

192 967 338 1059 ἔρχεσθ’·
361 965 458 1057 άλλην
480 965 511 1034 δ’
535 960 613 1055 ἧμιν
636 965 713 1035 ὁδὸν
734 967 917 1055 τεκμήρατο
939 965 1045 1057 Κίρκη

193 1069 240 1150 είς
263 1068 401 1137 Ἀτίδαο
424 1070 544 1155 δόμους
565 1070 622 1136 καί
644 1069 783 1156 ἐπαινῆς
803 1066 1061 1158 Περσεφονείης,

138 1201 178 1242 ιιι
191 1176 282 1262 ψυχῇ
302 1173 521 1261 χρησομένους
545 1170 695 1260 Θηβαίου
721 1166 922 1257 Τειρεσίαο.”

235 1267 280 1353 ὧς
301 1274 445 1362 ἐφάμην,
468 1278 575 1339 τοῖσιν
597 1271 634 1338 δέ
656 1271 865 1360 κατεκλάσθη
889 1268 987 1360 φίλον
1006 1264 1098 1362 ήτορ,

192 1372 339 1459 ἑζόμενοι
363 1375 400 1441 δέ
422 1380 568 1440 καταῦθι
589 1370 676 1438 νόων
696 1369 844 1437 τίλλοντό
865 1396 902 1437 τε
923 1368 1052 1454 χαίτας·

195 1473 268 1542 ἀλλ’
291 1472 329 1542 οὐ
350 1474 413 1564 κάρ
434 1500 487 1554 τις
509 1475 629 1562 πρῆξις
650 1472 796 1540 ἐτίτνετο
817 1474 1058 1562 μυρομένοισιν.

236 1572 309 1642 ἀλλ’
332 1575 386 1643 ότε
409 1575 450 1664 δή
473 1572 503 1664 ρ’
525 1574 585 1642 ἐπὶ
607 1576 668 1664 νῆα
688 1575 776 1662 θοήν
798 1576 855 1640 καί
876 1580 957 1641 θῖνα
977 1573 1152 1663 θαλάσσης

140 1704 180 1746 ιιο
193 1672 293 1766 ᾔομεν
316 1673 498 1763 άχνόμενοι,
521 1678 665 1765 θαλερὸν
686 1677 770 1743 κατὰ
793 1676 895 1764 δάκρυ
917 1675 1058 1759 χέοντες,

191 1777 300 1867 τόφρα
323 1776 355 1846 δ’
378 1776 431 1868 άρ’
456 1778 605 1868 οἰχομένη
628 1777 735 1868 Κίρκη
758 1778 850 1865 παρὰ
871 1777 925 1865 νηὶ
946 1775 1081 1867 μελαίνῃ

193 1876 320 1966 α’ρνειὸν
340 1881 518 1970 κατέδησεν
539 1877 591 1948 όιν
612 1878 720 1968 θήλόν
740 1903 776 1945 τε
797 1878 966 1963 μέλαιναν,

192 1987 263 2070 ῥεῖα
284 1985 545 2069 παρεξελθοῦσα.
588 1979 640 2059 τίς
662 1977 701 2047 όίν
722 1981 805 2046 θεὸν
828 1974 886 2045 οόκ
909 1978 1067 2046 ἐθέλοντα

192 2080 405 2171 ὀφθαλμοῖσι
426 2080 547 2149 τίδοιτ’
570 2077 592 2168 ίή
613 2077 687 2147 ἐνθ’
709 2075 730 2167 ἢ
751 2076 835 2146 ἔνθα
857 2079 986 2160 κιόντα,·

134 2195 173 2257 11
236 2180 337 2270 αὐτὰρ
359 2182 437 2250 ἐπεί
458 2180 489 2270 ῥ’
511 2181 571 2248 ἐπὶ
592 2189 655 2268 νήα
676 2179 884 2268 κατήλθομεν
904 2178 964 2270 ήδέ
984 2179 1174 2266 θάλασσαν,

191 2285 252 2373 νῆα
272 2283 332 2367 μέν
354 2278 395 2370 όίρ
417 2282 609 2369 πάμπρωτα
629 2279 829 2369 τερόσσαμεν
851 2280 898 2360 εἰς
919 2279 983 2348 ἅλα
1005 2284 1093 2365 δῖαν,

191 2383 226 2451 ἐν
249 2381 280 2449 δ’
304 2381 394 2451 ίοτόν
415 2383 608 2467 τιθέμεσθα
629 2382 685 2448 καί
709 2379 799 2448 ἱστία
819 2382 873 2471 νηὶ
893 2383 1042 2475 μελαίνη,

192 2485 225 2553 ἐν
249 2486 285 2553 δὲ
305 2487 347 2553 τά
368 2488 457 2575 μῆλα
478 2484 633 2571 λαβόντες
654 2482 828 2572 ἐβήσαμεν,
853 2479 893 2550 όίν
914 2485 951 2552 δέ
973 2487 1030 2553 καί
1053 2484 1147 2555 αδτοί

165 2586 347 2673 κβαίνομεν
369 2587 555 2673 άχνόμενοι,
577 2587 720 2675 θαλερὸν
741 2587 826 2652 κατὰ
850 2586 950 2676 δάκρυ
971 2587 1108 2672 χέοντες.

191 2687 269 2777 ἡμῖν
291 2687 321 2757 δ’
345 2685 386 2758 αὖ
407 2690 599 2776 μετόπισθε
620 2690 692 2767 νεδς
713 2688 960 2776 κυανοπρώροιο

192 2789 323 2877 ἴκμενον
346 2786 440 2881 οὖρον
462 2795 496 2879 ίη
519 2789 730 2879 πλησίστιον,
752 2788 874 2856 ἐσθλόν
895 2786 1035 2878 ἑταῖρον,

193 2890 299 2981 Κίρκη
323 2892 547 2976 ἐυπλόκαμος,
571 2891 659 2979 δεινή
683 2890 768 2968 θεός
790 2886 967 2979 αόδήεσσα.

191 2990 286 3080 ἡμεῖς
309 2991 339 3059 δ’
364 2991 453 3060 ὅπλα
473 2992 617 3060 τέκοστα
640 2990 863 3080 πονησάμενοι
884 2995 969 3059 κατά
990 2996 1052 3083 νήα

151 3127 177 3167 ιο
191 3092 319 3183 ἥμεθα·
341 3097 399 3185 τήν
421 3092 452 3162 δ’
475 3091 592 3179 άνεμός
612 3119 649 3160 τε
669 3093 865 3182 κυβερνήτης
885 3093 914 3160 τ’
937 3092 1060 3163 ἴθυνεν.

191 3197 251 3284 τῆς
273 3196 310 3264 δέ
331 3195 534 3285 πανημερίης
555 3192 670 3262 τέταθ’
695 3191 786 3261 ίστία
809 3196 1087 3284 ποντοπορούσης.

193 3295 311 3364 δόσετό
331 3295 362 3363 τ’
385 3294 494 3385 ήέλιος
516 3295 676 3364 σκιόωντό
698 3319 734 3361 τε
755 3296 866 3360 πᾶσαι
890 3292 1018 3379 άννιαί,

191 3394 213 3488 ή
236 3397 267 3465 δ’
291 3394 324 3478 ές
345 3394 485 3488 πείραθ’
509 3400 600 3464 ἵκανε
621 3394 813 3482 βαθυρρόου
832 3391 1007 3465 Ὠκεανοῖο.

193 3498 278 3569 ἔνθα
301 3500 338 3568 δέ
359 3497 552 3585 Κιμμερίων
573 3494 700 3584 ἀνδρῶν
722 3496 828 3585 δήμός
848 3523 884 3564 τε
905 3499 1008 3580 πόλις
1027 3526 1078 3583 τε,

151 3633 178 3674 15
190 3599 265 3691 ήέρι
286 3603 342 3668 καὶ
364 3600 481 3690 νεφέλη
503 3597 752 3683 κεκαλυμμένοι·
777 3595 953 3668 οὐδέποτ’
977 3598 1094 3682 αὐτούς

190 3699 300 3793 ήέλιος
321 3701 461 3792 φαέθων
483 3701 719 3790 καταδέρκεται
741 3697 939 3784 ἀκτίνεσσιν,

191 3800 268 3872 οὔθ’
292 3800 388 3872 ὁπότ’
413 3799 452 3869 όίν
474 3802 622 3893 στείχῃσι
643 3802 729 3891 πρός
751 3799 887 3888 οὐρανόν
910 3800 1118 3893 άστερόεντα,

191 3900 270 3973 οὔθ’
294 3902 343 3972 ὅτ’
367 3899 406 3970 όίν
427 3901 480 3994 όίψ
502 3904 562 3972 ἐπὶ
583 3908 681 3969 ταῖαν
703 3899 764 3970 τίκτ’
788 3902 967 3994 οὐρανόθεν
988 3907 1238 3998 προτράπηται,

191 4001 265 4073 ἀλλ’
289 4005 349 4074 ἐπὶ
371 4006 427 4087 νύξ
447 4003 525 4095 ὀλοή
547 4004 681 4074 τέταται
704 4005 846 4073 δειλοῖσι
867 4012 1042 4094 βροτοῖσιν.

150 4137 176 4176 ιο
190 4109 253 4196 νῆα
274 4107 334 4192 μὲν
355 4103 428 4175 ἔνθ’
450 4106 606 4187 ἐλθόντες
626 4106 812 4192 ἐκέλσαμεν,
836 4107 871 4176 ἐκ
895 4110 995 4176 δὲτὰ
1015 4113 1104 4201 μῆλα

191 4207 357 4294 εἱλόμεθ’·
382 4205 477 4276 αὐτοὶ
501 4207 531 4276 δ’
556 4204 633 4278 αὖτε
654 4211 747 4300 παρά
769 4209 844 4299 ῥόον
861 4209 1032 4281 Ὠκεανοῖο

191 4307 306 4402 ᾔομεν,
329 4308 407 4401 όφρ’
430 4311 465 4390 ές
484 4315 588 4399 χοῖρον
610 4309 798 4403 ἀφικόμεθ’
821 4306 858 4379 ὃν
879 4313 987 4402 φράσε
1009 4312 1126 4404 Κίρκη.
1231 4338 1236 4349 ·

1125 4836 1260 4970 ‘X
