2858 5026
343 251 383 314 18
717 253 739 297 1.
778 246 1025 299 ΟΔΤΣΣΕΙΔΣ
1044 247 1068 296 Α

339 405 386 488 τῷ
410 397 442 466 δ’
466 396 518 488 ἱέρ’
543 397 601 482 ἅμ’
624 397 807 483 αἰθομένας
829 398 950 477 δαίδας
972 398 1053 486 φέρε
1074 398 1172 463 κεδνοὶ
1193 398 1307 462 ειδυῖα

341 496 511 588 Εὐρύκλει’
528 495 635 578 ’λίπος
656 499 807 589 θυτάτηρ
828 497 1085 587 Πεισηνορίδαο,

283 629 323 667 ιω
342 602 400 691 τήν
421 626 504 668 ποτε
525 599 680 690 Λαέρτης
702 599 825 690 πρίατο
846 600 1018 667 κτεάτεσσι
1041 604 1166 666 τεοῖσιν

341 703 526 790 πρωθήβην
549 698 596 768 ἔτ’
619 699 749 781 ἐοῦσαν,
772 701 1007 786 ἐκεικοσάβοια
1029 697 1062 766 δ’
1085 697 1215 779 ἔδωκεν,

340 809 418 870 τῖσα
441 803 477 871 δέ
497 829 555 886 μιν
576 805 673 893 κεδνῆ
694 798 804 891 άλάχιμ
826 802 895 870 τίεν
916 802 950 870 ἐν
974 801 1178 890 μετάροισιν,

342 902 416 994 εύνῇ
438 902 468 971 δ’
493 902 533 971 ού
555 904 632 970 ποτ’
656 902 783 990 ἔμικτο,
805 905 902 988 χόλον
925 902 955 971 δ’
980 901 1104 970 ἀλέεινε
1124 901 1292 981 νεναικάς·

340 1004 438 1096 ῆτοι
462 1004 521 1090 ἅμ’
544 1004 727 1090 αἰθομένας
750 1006 868 1086 δαΐδας
889 1005 982 1096 φέρε,
1005 1003 1063 1071 καί
1083 1029 1121 1070 τε
1141 1002 1287 1087 μάλιστα

283 1133 323 1174 ωε
344 1105 484 1190 δμωάων
505 1105 671 1194 φιλέεσκε,
693 1106 751 1174 καὶ
774 1104 889 1196 ἔτρεφε
910 1106 1033 1172 τυτθὸν
1054 1103 1158 1172 ἐόντα.

341 1202 436 1288 δίιξεν
458 1206 495 1273 δέ
516 1207 623 1293 θύρας
644 1205 799 1290 θαλάμου
821 1206 911 1271 πύκα
933 1210 1102 1293 ποιητοῖο,

343 1308 433 1389 ἕζετο
456 1303 486 1373 δ’
510 1307 544 1373 έν
566 1307 699 1393 λέκτρῳ,
722 1307 871 1390 μαλακόν
893 1302 924 1371 δ’
947 1303 1213 1392 ἐκδυνεχιτιῦνα·

341 1409 399 1475 καὶ
419 1409 475 1474 τὸν
496 1406 556 1490 μέν
576 1404 692 1495 τραίης
714 1404 919 1495 πυκιμηδέος
940 1402 1061 1491 ἔμβαλε
1081 1405 1199 1493 χερσίν.

341 1505 361 1597 ἢ
384 1509 443 1595 μὲν
464 1510 521 1575 τὸν
542 1507 694 1589 πτύξασα
717 1508 774 1574 καὶ
797 1503 972 1595 άσκήσασα
992 1509 1129 1591 χιτῶνα,

284 1636 324 1675 ιω
344 1609 508 1697 πασσάλῳ
530 1606 766 1695 άικρεμάσασα
787 1609 881 1693 παρὰ
902 1616 1049 1696 τρητοῖσι
1072 1607 1257 1705 λέχεσσιν,.

341 1712 384 1798 βῆ
407 1706 437 1796 ῥ’
459 1706 534 1792 ’ίμεν
558 1708 592 1773 ἐκ
615 1707 801 1792 θαλάμοιο,
823 1705 929 1796 θύρην
951 1704 984 1772 δ’
1006 1707 1165 1795 ἐπέρυσσε
1186 1707 1311 1796 κορώνη

343 1808 497 1899 άρνυρέη,
520 1808 580 1876 ἐπὶ
602 1808 639 1874 δέ
661 1805 768 1898 κληῖδ’
789 1807 963 1876 ἐτάνυσσεν
985 1805 1107 1893 ἱμάντι.
1135 1877 1141 1887 ,

342 1907 417 1978 ἔνθ’
440 1908 459 1976 ὅ
479 1935 517 1976 τε
539 1909 725 1992 παννύχιος,
750 1909 988 1995 κεκαλυμμένος
1010 1907 1080 1990 οἰὸς
1102 1907 1214 1999 άιότφ,

342 2012 493 2098 βούλευεν
514 2012 613 2099 φρεσὶ
634 2014 731 2100 νῆσιν
754 2009 832 2078 ὁδὸν
853 2014 910 2099 τήν
932 2009 1077 2100 πέφραδ’
1101 2009 1239 2101 Ἀθήνη.

305 2119 326 2177 2
385 2107 469 2200 ήμος
491 2110 520 2178 δ’
545 2111 710 2200 ήριιένεια
733 2112 818 2200 φάνη
842 2111 1081 2198 ῥοδοδάκτυλος
1107 2111 1209 2194 Ἠώς,

344 2209 458 2300 ὤρνυτ’
482 2208 534 2298 ἄρ’
558 2211 595 2292 ἐξ
616 2209 750 2300 εὐνῆφιν
767 2208 945 2300 Ὀδυσσῆος
968 2211 1066 2302 φίλος
1088 2211 1157 2293 υλός

342 2312 482 2396 εείματα
503 2311 714 2394 εεσσάμενος,
738 2312 817 2398 περὶ
839 2312 876 2377 δὲ
897 2311 993 2401 ξίφος
1016 2311 1072 2395 δξύ
1095 2312 1172 2382 θέτ’
1194 2311 1286 2404 ι’ίμῳ,

343 2413 449 2482 ποσσί
474 2409 503 2478 δ’
527 2411 595 2477 ι’·πδ
615 2413 809 2501 λιπαροῖσιν
830 2411 975 2500 ἐδήσατο
997 2416 1081 2480 καλὰ
1103 2415 1238 2497 πέδιλα,

215 2596 218 2603 .
312 2517 389 2604 σβῆ
412 2511 444 2580 δ’
468 2511 541 2598 ἴμεν
562 2512 598 2579 ἐκ
619 2513 792 2598 θαλάμοιο
813 2521 888 2603 θεῷ
910 2514 1091 2598 ε’ναλίτκιος
1113 2513 1218 2608 άνιην.
1291 2562 1294 2573 ·

345 2610 433 2700 αἶψα
456 2615 493 2682 δέ
515 2613 690 2705 κηρύκεσσι
711 2618 977 2706 λιτοφθύντοισι
999 2620 1146 2688 κέλευσεν

343 2718 515 2808 κηρύσσειν
536 2714 695 2806 άτορήνδε
715 2717 798 2809 κάρη
821 2720 1008 2804 κομόωντας
1032 2718 1193 2802 Ἀχαιούς.

342 2818 378 2888 οἳ
396 2820 456 2904 μὲν
477 2819 666 2907 ἐκήρυσσον,
688 2819 742 2886 τοὶ
766 2818 798 2886 δ’
821 2818 989 2908 ῆτείροντο
1011 2819 1090 2904 μάλ’
1114 2815 1193 2886 ὦκα.

344 2918 446 3007 αύτδρ
469 2919 545 2986 ἐπεί
568 2917 599 3005 ῥ’
620 2916 760 3007 ήτερθεν
783 2919 956 3008 ὁμηι-ερέες
976 2947 1012 2987 τε
1032 2921 1176 3001 τένοντο,

299 3047 325 3088 ιο
343 3023 387 3108 βῆ
410 3018 439 3107 ῥ’
463 3017 537 3103 ίμεν
559 3018 606 3098 εἷς
628 3017 760 3108 άτσρήν,
784 3021 920 3111 παλάμῃ
946 3018 977 3089 δ’
1001 3018 1053 3104 έχε
1074 3021 1211 3104 χάλκεον
1232 3017 1338 3104 ένχος,

344 3117 402 3189 ούκ
425 3114 506 3199 οἶος·
531 3120 599 3204 ἅμα
620 3123 668 3210 τῷ
689 3147 728 3188 τε
750 3122 816 3189 δύω
839 3122 929 3203 κύνες
952 3120 1047 3208 άρτοὶ
1072 3121 1199 3189 ἕποντο.

343 3220 527 3310 θεσπεσίην
550 3219 581 3287 δ’
606 3219 670 3309 άρα
691 3225 740 3310 τῷ
760 3248 798 3289 τε
818 3222 914 3310 χάριν
934 3225 1103 3306 κατέχευεν
1123 3220 1266 3313 Ἀθήνη·

342 3325 399 3390 τδν
422 3320 454 3389 δ’
477 3319 542 3406 ι’ίρα
563 3321 684 3402 πάντες
705 3324 783 3390 λαοὶ
805 3322 1021 3411 ἐπερχόμενον
1042 3332 1189 3412 θηεῦντο.

345 3422 436 3505 ἕζετο
458 3421 489 3489 δ’
513 3423 547 3489 ἐν
569 3425 695 3508 πατρὸς
716 3421 833 3513 θιδκφ,
856 3427 965 3507 νεῖξαν
987 3425 1024 3492 δέ
1045 3426 1201 3513 πέροντες.

299 3556 325 3597 15
344 3530 430 3592 τοῖσι
455 3520 487 3589 δ’
510 3521 626 3591 ἔπειθ’
647 3522 733 3612 ῆρως
754 3525 949 3609 Αἰτύπτιος
971 3522 1041 3617 ἦρχ’
1065 3526 1244 3616 άτορεύειν,

343 3622 381 3706 δς
403 3627 443 3714 δή
465 3625 567 3714 τήραϊ
585 3626 689 3712 κυφὸς
710 3624 764 3717 έην
786 3629 843 3696 καὶ
864 3627 965 3716 μυρία
986 3630 1080 3720 πήδη.

342 3728 398 3794 καὶ
419 3728 482 3814 τδρ
505 3729 563 3793 τοῦ
586 3723 681 3816 φίλος
703 3725 774 3809 υλδς
796 3729 853 3816 ἅμ’
879 3728 1027 3820 άνσιθέῳ
1048 3729 1182 3819 Ὀδυσῆι

341 3827 455 3896 Γίλιον
476 3826 523 3909 είς
545 3827 694 3895 ἐύπωλον
715 3827 774 3920 έβη
798 3831 910 3920 κοίλης
932 3832 979 3900 ἐνὶ
1001 3833 1125 3923 νηυσίν,

339 3927 497 4021 ’Άντιφος
519 3927 689 4018 αἰχμητής·
710 3932 768 3997 τὸν
790 3929 822 3997 δ’
845 3930 958 4022 άτριος
978 3931 1090 4003 ἔκτανε
1112 3935 1263 4026 Κύκλωψ

297 4068 323 4107 20
344 4029 378 4098 ἐν
399 4034 484 4120 σπῆι
505 4033 675 4122 ιλαφυρῷ,
698 4032 850 4118 πύματον
872 4032 905 4101 δ’
928 4033 1121 4105 ὡπλίσσατο
1147 4037 1278 4125 δόρπον.
1317 4029 1319 4031 ’

341 4137 429 4220 τρεῖς
451 4133 488 4200 δέ
506 4157 561 4199 τοι
585 4129 680 4202 άλλοι
702 4130 791 4216 ἔσαν,
815 4135 872 4202 καί
895 4130 914 4203 ὃ
935 4137 994 4221 μὲν
1014 4142 1212 4230 μνηστῆρσιν
1234 4138 1361 4223 δμίλειν

340 4229 538 4320 Εύρύνομος,
563 4234 620 4302 δύο
643 4232 675 4303 δ’
699 4234 770 4305 αἰέν
790 4234 862 4323 ἐχον
883 4238 1037 4325 πατρώια
1058 4242 1172 4328 τέρεα·

342 4330 413 4400 ἀλλ’
436 4331 474 4401 ού
498 4333 505 4359 ’
529 4327 574 4415 ὦς
595 4339 655 4407 τοῦ
675 4336 793 4427 λήθετ’
816 4336 1012 4425 ὀδυράμενος
1033 4343 1089 4408 καὶ
1112 4340 1243 4426 ἀχεύων.
